5096 6425
2541 452 2645 471 ··—-
2693 415 2829 512 xlvj
2884 456 2985 473 --

1561 648 3910 661 —ss—*mm-
3927 655 4172 660 —....——-

4492 769 4525 793 <
4620 792 4632 803 .
4690 767 4692 806 i

796 809 800 894 ἔ
1341 833 1426 884 FU
1440 833 1574 883 Nm.
2220 831 2363 884 vici.
2556 832 2982 885 vossmENTES.
3142 863 3147 867 -
3597 839 3814 890 ΑυιηΝ
3827 840 3931 893 Es,
4489 797 4526 890 Ξ
4598 809 4632 895 ἒ

796 895 799 956 ³
4489 892 4524 980 Ξ
4598 900 4689 982 ει

4685 989 4688 1012 Ι

794 971 799 1094 l
2129 1049 4668 1074 ---------------

817 1126 1339 1170 »lentinuus—Ennianus
1354 1158 1365 1170 .
1382 1155 1395 1167 .
1410 1154 1422 1167 .
1436 1153 1476 1168 ..
1489 1159 1501 1171 .
1514 1158 1527 1171 .
1541 1156 1554 1169 .
1569 1154 1608 1170 ..
1624 1158 1635 1172 .
1650 1154 1664 1168 .
1677 1152 1745 1184 ··,·
1759 1150 2065 1171 ............
2071 1153 2093 1181 .-
2133 1153 2443 1172 ............
2477 1130 2556 1170 cn.
2577 1128 2794 1170 Antonius
2814 1128 2995 1171 Priscus
3014 1160 3027 1172 .
3042 1156 3056 1169 ·
3090 1135 3136 1175 c.
3158 1140 3206 1177 οι
3222 1137 3268 1179 ι.
3289 1134 3441 1188 Annii,
3459 1134 3657 1178 Licinius
3670 1136 3795 1187 ceto,
3815 1132 4018 1178 valerius
4036 1134 4179 1186 Nepos
4195 1136 4239 1174 el
4256 1141 4360 1186 pop.
4374 1162 4387 1174 .
4403 1157 4416 1171 ·
4448 1132 4550 1173 V...
4563 1157 4577 1170 -
4591 1136 4663 1174 35
4683 1151 4686 1194 5

819 1206 1076 1250 valerianus
1084 1238 1284 1252 ........
1301 1235 1311 1243 -
1325 1232 2735 1253 ...................................................
2743 1207 2790 1250 id
2798 1235 3296 1258 ..................
3303 1216 3348 1260 id
3357 1244 3610 1259 ..........
3616 1217 3663 1260 id
3671 1240 3977 1257 ............
3982 1213 4028 1256 id
4037 1236 4289 1255 ..........
4295 1211 4362 1253 id.
4375 1239 4388 1251 .
4402 1239 4415 1251 .
4451 1213 4485 1251 V
4488 1236 4603 1254 .....
4611 1217 4662 1255 26
4681 1207 4686 1302 Ι

815 1285 1660 1340 'ruppilia-Vibullisnus-volumniunus
1681 1314 2439 1334 ............................
2474 1289 2520 1330 1..
2541 1288 2776 1330 cornelius
2802 1287 2972 1333 Helius.
2986 1316 3001 1330 .
3014 1321 3026 1333 .
3041 1317 3054 1330 .
3089 1297 3304 1352 sulpicius
3321 1300 3478 1353 Nepos,
3493 1298 3689 1341 Licinum
3704 1299 3812 1340 (2220
3830 1302 3875 1340 et
3889 1294 4082 1350 populus
4087 1319 4414 1338 .............
4446 1296 4482 1337 v
4486 1319 4602 1334 .....
4611 1298 4662 1337 ³2
4681 1325 4684 1378 Ι

814 1366 1400 1409 Velutisnus-scantiniscus
1408 1392 2437 1413 ......................................
2471 1371 2516 1411 c.
2536 1370 2690 1413 Vibius
2708 1373 2897 1414 Severus
2905 1399 3052 1416 ......
3089 1378 3305 1421 Antonius
3332 1378 3533 1421 priscus.
3547 1406 3560 1419 ,
3573 1406 3586 1419 ,
3600 1406 3634 1418 ..
3651 1400 4412 1418 .............................
4447 1378 4482 1418 v
4483 1400 4603 1416 .....
4609 1380 4662 1422 45
4681 1391 4683 1432 1

816 1446 1029 1488 Aulianus
1044 1447 1378 1493 *Tiluronianus
1383 1471 2435 1494 .......................................
2472 1452 2677 1495 cornelia
2692 1454 2854 1495 severs
2857 1481 3053 1499 ........
3086 1457 3294 1502 Afranius
3324 1459 3545 1514 Apthoms
3570 1465 3616 1502 et
3632 1456 3885 1502 Trebellius
3907 1461 4074 1501 nemer
4080 1481 4412 1497 ·············
4445 1455 4481 1495 V
4485 1480 4602 1495 ·····
4607 1456 4659 1499 ⁶⁴
4681 1441 4684 1472 ¹

813 1528 953 1570 Trim.
969 1555 1008 1568 ..
1030 1528 1591 1582 Tarquitiani-Locresisnss
1596 1556 2436 1576 ...............................
2470 1535 2520 1574 Τ.
2542 1531 2718 1575 Naevius
2734 1531 2904 1574 Titulus
2909 1560 3050 1577 ......
3087 1537 3285 1580 Licinius
3313 1540 3415 1581 ceto
3430 1546 3477 1581 οι
3495 1536 3695 1580 Valerius
3714 1540 3855 1590 Nepos
3864 1563 3984 1576 .....
3994 1562 4010 1576 ¹.
4023 1561 4091 1575 ...
4104 1561 4117 1574 .
4130 1559 4144 1574 .
4158 1560 4171 1573 .
4184 1561 4198 1574 .
4211 1560 4225 1573 .
4238 1554 4253 1575 .»
4265 1560 4411 1574 ......
4445 1535 4499 1578 v1
4504 1560 4630 1576 .....
4636 1540 4657 1577 'l
4680 1557 4685 1586 1

811 1607 1122 1663 Tarquitiunus
1136 1636 1258 1653 .....
1267 1636 1284 1665 .-
1298 1635 2733 1659 ...................................................
2744 1614 2789 1657 id
2798 1642 3052 1659 ..........
3083 1617 3280 1661 cornelii
3292 1648 3304 1671 ,
3323 1617 3475 1662 nulius
3493 1623 3539 1661 et
3556 1618 3796 1661 Onesimus
3816 1627 3862 1662 οι
3876 1618 4068 1673 populus
4077 1643 4411 1658 .............
4445 1618 4498 1660 vt
4506 1641 4627 1656 .....
4634 1621 4660 1658 s
4681 1593 4684 1626 ¹

2413 1786 2764 1851 EBOREUS
2806 1786 3057 1853 PAGUS
4679 1835 4683 1866 l

785 1919 789 1944 ,
1627 1895 1705 1945 (lu
1727 1894 1924 1938 Veleiute
1943 1895 2014 1938 vel
2035 1894 2183 1952 potius
2201 1894 2246 1939 in
2269 1895 2539 1951 Libui-nese,
2556 1896 2649 1941 vid.
2668 1896 2754 1941 col.
2776 1896 2825 1953 V,
2845 1897 2877 1941 1.
2899 1904 2966 1942 20.
2989 1898 3087 1942 Vid.
3107 1898 3226 1942 infra
3245 1912 3258 1941 .-
3280 1898 3455 1942 Civitas
3478 1897 3685 1943 Libarna
3701 1897 3737 1952 ).
4679 1875 4684 2046 ι

2297 2162 2317 2216 (
2339 2164 2388 2204 ln
2426 2173 2514 2217 quo
2553 2169 2662 2207 sunl.
2697 2163 2821 2207 fundi
2855 2165 3150 2218 Antiatium).
4679 2047 4684 2214 ι

806 2265 1321 2309 Hucianus-Veturiunus
1339 2276 1436 2309 cum
1464 2268 1633 2313 mex-ide
1641 2296 2430 2315 .............................
2463 2268 2517 2315 Μ.
2537 2270 2695 2317 vibius
2715 2276 2765 2324 Q.
2785 2274 2818 2317 Ρ
2822 2302 3044 2320 .........
3079 2274 3312 2317 Petronius
3329 2272 3550 2329 Epimeles
3564 2304 3578 2327 ,
3600 2272 3761 2316 fratres
3781 2270 3920 2315 Atedii
3940 2276 3988 2314 et
4012 2270 4202 2328 populus
4211 2298 4409 2312 ........
4445 2272 4483 2314 n
4504 2303 4515 2314 .
4529 2302 4542 2314 .
4557 2301 4569 2313 .
4585 2279 4659 2318 ,13
4679 2215 4683 2280 ι

807 2345 1281 2389 Gellianus-Flavianus
1290 2373 2590 2399 ...............................................
2610 2386 2643 2398 ..
2657 2386 2670 2399 .
2685 2386 2698 2398 .
2713 2354 2779 2398 ‚id
2787 2382 3042 2398 ..........
3078 2357 3220 2401 Atedii
3244 2358 3405 2400 fratres
3419 2389 3435 2411 ,
3454 2359 3555 2412 lpse
3572 2365 3618 2400 οι
3635 2357 3823 2412 populus
3832 2383 4409 2399 ......................
4445 2355 4483 2395 ll
4497 2384 4511 2396 .
4527 2385 4539 2397 .
4556 2385 4568 2397 .
4582 2387 4594 2397 .
4609 2359 4658 2399 ιθ

807 2425 1029 2469 Dellianus
1059 2437 1160 2470 cum
1190 2428 1364 2470 colonia
1372 2455 2428 2480 .......................................
2463 2435 2517 2476 Μ.
2538 2435 2798 2477 Mommeius
2816 2434 3043 2478 Persicus.
3081 2437 3272 2481 cranius
3297 2437 3476 2480 Priscus
3496 2440 3543 2479 et
3557 2436 3733 2479 Daebius
3747 2439 3888 2479 Verus
3892 2461 4409 2479 ....................
4448 2438 4482 2478 ll
4500 2463 4515 2476 .
4529 2462 4542 2476 .
4556 2467 4568 2479 .
4583 2444 4658 2482 ,69

804 2508 1034 2549 Mucianus
1053 2535 2427 2563 ...................................................
2464 2515 2509 2556 C.
2531 2515 2700 2556 Dellius
2722 2515 2958 2559 Proculus.
2976 2546 2986 2557 .
3002 2544 3013 2555 .
3031 2544 3044 2555 .
3078 2523 3133 2564 ιι,
3158 2520 3390 2564 petronius
3407 2519 3647 2573 Epimeles,
3667 2521 3713 2560 L.
3731 2519 3922 2561 Granius
3936 2516 4148 2560 Proculus
4163 2521 4209 2559 et
4222 2528 4329 2571 pop.
4343 2544 4355 2556 .
4369 2544 4381 2557 .
4397 2544 4409 2557 .
4446 2518 4483 2559 ll
4502 2550 4514 2562 .
4528 2551 4539 2561 .
4556 2550 4568 2562 .
4584 2527 4656 2564 ,97

806 2587 1096 2630 cornelianus
1123 2589 1417 2633 Terentianus
1427 2617 2427 2644 .....................................
2469 2623 2482 2636 .
2494 2622 2724 2640 .........
2735 2596 2777 2639 id
2788 2624 3041 2641 ..........
3080 2600 3274 2644 calidius
3296 2604 3490 2650 censor.
3515 2600 3562 2642 1..
3581 2598 3770 2641 Granius
3787 2602 3832 2640 el
3850 2597 4041 2652 populus
4050 2624 4409 2638 ..............
4447 2600 4482 2641 ll
4502 2630 4514 2642 .
4528 2631 4540 2642 .
4556 2631 4567 2642 .
4582 2607 4657 2645 ,99
4677 2567 4683 2678 1

804 2667 1297 2711 wulstanus-nullanus
1316 2696 1836 2718 ....................
1853 2703 1862 2710 .
1880 2702 2726 2726 ..............................
2732 2676 2779 2719 id
2789 2704 3051 2721 ...........
3082 2683 3179 2736 lpse
3195 2687 3240 2723 et
3258 2680 3421 2723 vulerii
3442 2680 3605 2723 fratres
3614 2703 4409 2719 ..............................
4448 2681 4481 2721 ll
4500 2707 4513 2719 .
4527 2707 4540 2720 .
4555 2690 4656 2725 ,100

806 2747 1065 2790 Pulleliscus
1073 2776 2723 2807 ............................................................
2731 2757 2776 2799 id
2787 2785 3041 2802 ..........
3081 2762 3280 2804 AEbntius
3299 2758 3522 2803 secundus
3541 2764 3585 2801 et
3611 2760 3748 2801 Dema
3755 2783 4408 2799 .........................
4447 2760 4514 2801 ll.
4527 2786 4540 2799 .
4556 2765 4657 2804 ,102

803 2828 1018 2870 lunianus
1021 2855 2080 2880 ........................................
2119 2877 2132 2888 ,
2151 2872 2425 2892 ,,,,,,,,,,,
2462 2844 2506 2883 1,.
2528 2836 2718 2878 Grauius
2734 2837 2913 2880 Priscus
2923 2867 3044 2883 .....
3080 2841 3314 2884 Petronius
3336 2840 3558 2895 Epimeles
3575 2868 3589 2893 ,
3606 2836 3750 2881 Avillii
3771 2837 3933 2880 fratres
3951 2845 3998 2881 et
4012 2838 4199 2892 populus
4209 2863 4408 2879 ........
4447 2842 4541 2883 ln..
4556 2869 4569 2881 .
4585 2847 4656 2886 ,ss

802 2909 1054 2952 Metiliunus
1075 2938 2508 2971 ....................................................
2525 2954 2532 2961 ,
2550 2945 2724 2963 .......
2734 2917 2780 2962 id
2788 2948 3042 2966 ..........
3081 2922 3260 2965 Fundus
3286 2921 3505 2965 junianus
3515 2943 4408 2960 ..................................
4444 2920 4659 2965 lll....92

777 3029 782 3064 Ι
804 2990 1492 3036 Aillimus-Arruntianinnielius
1519 2995 1716 3047 (Antiano
1731 3002 1775 3043 et
1789 2998 2005 3052 Veleiate)
2014 3026 2721 3050 .........................
2731 3000 2778 3044 id
2787 3029 3044 3048 ..........
3081 3003 3289 3047 Afranius
3317 3001 3497 3044 Priscus
3514 3004 3561 3042 et
3576 2999 3780 3042 Vulci-ius
3798 2999 3953 3041 Parra.
3967 3026 3979 3039 .
3994 3026 4006 3038 .
4025 3025 4060 3038 ..
4074 3025 4087 3038 .
4101 3026 4114 3038 .
4128 3026 4141 3037 .
4155 3026 4167 3040 .
4182 3025 4194 3037 .
4207 3024 4248 3039 ..
4262 3026 4274 3038 .
4288 3018 4301 3039 ε
4314 3026 4328 3039 .
4341 3025 4354 3039 .
4368 3027 4380 3039 .
4394 3026 4407 3038 .
4444 3001 4540 3042 lll..
4555 3029 4568 3041 .
4585 3009 4658 3046 .9s

803 3070 1059 3114 calidianus
1078 3076 1124 3114 et
1151 3072 1467 3117 Triccellisnus
1478 3102 2426 3131 ...................................
2469 3108 2481 3121 .
2495 3107 2724 3125 .........
2732 3081 2778 3125 id
2788 3110 3042 3127 ..........
3081 3082 3243 3125 Coelius
3263 3083 3403 3124 Verus
3422 3083 3469 3123 et
3484 3078 3685 3123 AEbutius
3704 3077 3933 3121 secundus
3940 3100 4406 3121 ..................
4445 3080 4541 3121 111..
4555 3088 4651 3124 401

805 3152 1030 3195 Mucianus
1047 3180 2724 3216 .............................................................
2732 3163 2778 3206 id
2786 3190 3043 3209 ..........
3079 3161 3228 3204 virius
3247 3164 3415 3204 Fuscus
3432 3191 3445 3212 ,
3464 3158 3631 3202 Dellius
3655 3159 3847 3201 Seninus
3865 3164 3911 3201 et
3929 3158 4107 3201 Minicia
4131 3159 4253 3203 Pollu
4260 3189 4405 3203 ......
4444 3159 4494 3200 lv
4502 3185 4624 3199 .....
4637 3170 4650 3203 ι

803 3235 1042 3277 cassianus
1050 3263 2081 3285 .......................................
2122 3281 2133 3293 ,
2148 3269 2728 3296 .....................
2735 3243 2782 3287 id
2790 3272 3045 3289 ..........
3082 3242 3226 3284 Avillii
3263 3241 3425 3284 fratres
3435 3266 4406 3284 .....................................
4443 3242 4498 3281 lv
4500 3267 4617 3282 .....
4631 3248 4657 3284 2

801 3315 929 3356 Silvae
947 3315 1170 3358 Suffitauae
1180 3343 2080 3365 ..................................
2120 3365 2132 3375 ,
2148 3350 2725 3378 ,,,,,,,,,,,,,,,,,,,,,
2733 3324 2775 3367 id
2787 3352 2799 3364 .
2812 3356 2824 3369 .
2842 3317 2853 3368 .’
2867 3354 3045 3369 .......
3083 3323 3315 3366 Petronius
3334 3321 3554 3376 Epimeles
3562 3348 4407 3369 ................................
4446 3322 4498 3363 lv
4500 3348 4619 3363 ·····
4628 3329 4652 3368 3

801 3394 1265 3440 enniani-Afraniani
1293 3407 1395 3439 cum
1422 3398 1653 3451 Apennino
1673 3401 1814 3443 Laeviu
1823 3428 2728 3460 ...............................
2736 3400 2781 3443 ld
2789 3426 4407 3446 ............................................................
4446 3402 4498 3442 Ν
4502 3429 4619 3443 .....
4631 3411 4654 3448 s

804 3475 1062 3517 Valerianus
1089 3476 1232 3518 Loevie
1237 3503 2081 3523 ................................
2122 3524 2133 3536 ,
2149 3507 2726 3537 ,,,,,,,,,,,,,,,,,,,,,
2734 3481 2780 3524 id
2789 3509 3017 3524 .........
3022 3461 3046 3524 Ἴ.
3081 3481 3243 3525 coelius
3262 3483 3419 3530 Verus.
3436 3479 3664 3523 Caerellius
3685 3482 3822 3523 Verus
3839 3486 3886 3522 et
3903 3481 4093 3534 populus
4101 3507 4407 3523 ............
4446 3483 4497 3523 lv
4501 3509 4617 3524 .....
4625 3490 4650 3527 6

804 3555 1078 3606 ΜίΙίοΙίιοωε
1083 3583 2082 3607 ......................................
2123 3602 2134 3614 ,
2150 3598 2429 3616 ,,,,,,,,,,,
2467 3565 2510 3604 L.
2531 3564 2701 3607 Maelius
2726 3567 2915 3607 Severus
2925 3593 3045 3607 .....
3081 3563 3244 3606 Coelius
3258 3566 3400 3606 verus
3417 3593 3429 3614 ‚
3444 3562 3597 3605 virius
3615 3565 3757 3617 Nepos
3771 3567 3817 3603 et
3836 3561 3998 3606 Dellius
4012 3563 4225 3606 Proculus
4233 3590 4407 3604 .......
4446 3562 4515 3603 lv.
4529 3589 4542 3602 .
4555 3589 4569 3602 .
4583 3568 4653 3609 ,ετ

777 3602 783 3701 ¹
803 3639 1026 3679 Marianus
1030 3663 2731 3692 ..............................................................
2738 3646 2780 3689 id
2791 3673 3045 3689 ..........
3083 3646 3325 3697 lmpemtor
3341 3648 3511 3696 noster,
3530 3642 3709 3686 Minicia
3723 3642 3858 3702 Pulla,
3880 3647 3926 3687 C.
3945 3645 4168 3700 Sulpicius
4184 3654 4231 3690 οι
4245 3657 4353 3701 pop.
4367 3674 4405 3691 ..
4445 3643 4513 3685 lv.
4528 3670 4542 3683 ·
4554 3670 4569 3683 .
4582 3650 4655 3689 ,76

778 3704 783 3783 Ι
803 3719 995 3760 Αεεοενι
998 3743 2725 3773 ...............................................................
2734 3725 2780 3768 id
2789 3753 3045 3773 ..........
3082 3723 3258 3767 Minicia
3274 3725 3395 3767 Polla
3412 3731 3457 3767 et
3476 3723 3646 3768 Dellius
3663 3722 3877 3765 Proculus
3885 3751 4407 3768 ····················
4446 3726 4516 3767 W·
4528 3751 4541 3764 ·
4555 3752 4569 3764 ·
4582 3731 4656 3769 -80

805 3797 1990 3861 venecisnus-'l'errentisn“mamistanus-Petronia
1999 3816 2051 3847 us
2069 3835 2080 3848 .
2121 3827 2427 3848 ............
2464 3804 2641 3847 Uinicio.
2658 3805 2781 3850 Pollu
2788 3836 3043 3852 ..........
3083 3809 3239 3860 imper.
3272 3811 3426 3849 noster
3443 3811 3490 3847 el
3507 3804 3700 3858 Respub.
3719 3805 3982 3847 Lucensium
3992 3833 4405 3855 ................
4443 3806 4494 3846 Vl
4500 3831 4622 3846 .....
4634 3816 4652 3850 ι

803 3880 1038 3922 Sextisnus
1045 3908 2079 3932 .......................................
2121 3910 2134 3923 .
2148 3909 2728 3931 .....................
2736 3885 2780 3929 id
2790 3914 3043 3933 ..........
3080 3891 3126 3932 1,.
3147 3887 3381 3941 Sulpicius,
3399 3888 3445 3929 c.
3467 3886 3636 3928 Dellius
3653 3891 3700 3929 et
3714 3886 3903 3940 populus
3911 3912 4406 3928 ...................
4444 3885 4495 3926 v1
4500 3911 4622 3927 .....
4631 3891 4655 3930 s

806 3960 1306 4003 Ammianus-Atilianus
1325 3962 1639 4017 Proper-lienus
1650 3974 1749 4006 cum
1762 3964 2087 4021 casisgvectig.)
2666 3999 2675 4008 .
3081 3969 3314 4012 Petronius
3328 3962 3551 4020 Epimeles
3561 3996 3577 4019 ,
3593 3964 3844 4007 Herennius
3863 3967 4005 4019 Nepos
4024 3972 4070 4009 et
4082 3967 4288 4009 Arruntis
4304 3970 4410 4010 ‘rer-
4721 3991 4725 3996 ·

860 4022 1357 4066 Ebureianis-Pollianis
1389 4026 1683 4067 Ferri-minuis
1694 4052 2077 4070 ...............
2096 3978 2134 4075 ⁸
2151 4025 2164 4039 ‘
2178 4026 2190 4040 “
2203 4030 2215 4043 ·
2303 4029 2313 4040 ·
2333 4027 2345 4040 ’
2360 4028 2372 4040 ”
2386 4032 2398 4044 ·
2415 4027 2429 4041 “
2464 4001 2511 4041 ι’·
2531 3998 2735 4042 valerna
2754 4001 2889 4042 pum
2898 4031 3045 4044 ’’’’’
3133 4031 3292 4074 tullius
3300 4055 4406 4076 ..........................................
4441 4030 4511 4072 vl.
4529 4055 4542 4068 ·
4556 4056 4569 4069 .
4583 4032 4655 4074 .3o

807 4099 1154 4142 cerrusunianus
1175 4109 1219 4142 et
1234 4102 1511 4144 ventilianus
1539 4114 1638 4144 cum
1666 4104 1785 4145 casis
1812 4106 1880 4154 (in
1905 4107 2081 4150 Veleiat.

859 4173 961 4218 pag.
981 4162 1097 4205 Ποῖ.
1118 4168 1164 4205 et
1186 4161 1367 4205 in’Pluc.
1387 4173 1488 4218 pag.
1507 4163 1791 4217 Herculanio)
1802 4191 2431 4218 .......................
2463 4171 2697 4215 Petronius
2724 4171 2965 4226 Epimeles.
2979 4198 2992 4212 .
3006 4198 3020 4212 .
3033 4199 3046 4212 .
3081 4176 3131 4223 Q.
3149 4172 3322 4215 Baebius
3336 4174 3503 4225 Verus,
3523 4172 3672 4217 Virius
3689 4174 3832 4227 Nepos
3851 4177 3897 4216 et
3913 4173 4100 4229 populus
4105 4202 4406 4218 ............
4445 4176 4511 4218 Vl.
4524 4199 4564 4215 ..
4579 4176 4650 4216 ,44

807 4468 1045 4515 Planisnus
1050 4496 2429 4523 ...................................................
2463 4479 2519 4520 Μ.
2536 4477 2687 4521 virius
2705 4481 2846 4534 Nepos
2850 4507 3044 4523 ........
3079 4481 3256 4524 Priscus
3274 4479 3538 4524 Palamenus
3552 4512 3566 4534 ‚
3586 4480 3777 4524 Velleius
3797 4482 3982 4524 Severus
4000 4485 4047 4525 et
4062 4481 4251 4537 populns
4258 4509 4406 4524 ......
4442 4485 4457 4526 l
4471 4511 4619 4528 ......
4626 4494 4651 4532 ο

809 4551 1041 4606 Sulgisnus
1058 4539 1159 4594 'cum
1177 4550 1296 4593 casis
1316 4556 1339 4595 ³
1348 4577 2727 4607 ..................................................
2734 4560 2775 4603 id
2788 4587 3043 4602 ..........
3078 4562 3123 4603 c.
3144 4560 3355 4615 calidius,
3372 4559 3567 4603 velleius
3585 4560 3798 4603 Proculus
3812 4568 3858 4603 et
3874 4561 4062 4616 populus
4070 4590 4405 4606 .............
4441 4565 4456 4606 l
4468 4591 4619 4609 ......
4628 4574 4652 4612 8

809 4632 1101 4674 petronianus
1105 4658 2726 4684 ...........................................................
2735 4642 2781 4685 id
2789 4667 3206 4684 ...............
3210 4639 3255 4683 id
3266 4666 3598 4682 .............
3605 4640 3651 4683 id
3659 4668 3964 4683 ............
3972 4642 4016 4685 id
4018 4670 4405 4688 ...............
4443 4645 4458 4684 l
4467 4671 4593 4689 .....
4605 4655 4654 4693 10

808 4711 1348 4755 Manlianus-Hostilianus
1372 4723 1471 4755 cum
1504 4725 1606 4757 cass
1614 4741 2727 4766 ........................................
2736 4724 2777 4768 id
2788 4751 3043 4766 ..........
3077 4721 3239 4764 Coelius
3258 4723 3416 4772 Verus,
3436 4720 3609 4762 Baebius
3628 4723 3768 4763 Verus
3787 4727 3833 4762 et
3847 4720 4036 4775 populus
4045 4749 4402 4765 ..............
4440 4724 4458 4766 1
4469 4754 4592 4770 .....
4606 4739 4647 4775 ιι

807 4791 1714 4846 Manliunus-sioneinnus-calpurnianus
1724 4820 2727 4846 ....................................
2736 4804 2780 4847 id
2789 4831 3044 4848 ..........
3079 4801 3212 4855 Ulvoe,
3230 4801 3430 4844 Stolicini
3455 4800 3616 4843 fratres
3634 4807 3677 4843 et
3697 4799 3826 4842 Vettii
3847 4799 4008 4844 fratres
4017 4829 4404 4845 ...............
4440 4811 4455 4851 l
4471 4836 4595 4853 .....
4606 4820 4654 4859 13

807 4872 1323 4915 Munatisnus-Atlianus
1341 4882 1442 4914 cum
1461 4872 1581 4914 cusis
1611 4877 1634 4915 3
1643 4901 2728 4927 .......................................
2735 4881 2778 4924 id
2788 4908 3043 4924 ..........
3079 4879 3281 4921 valerius
3300 4875 3591 4922 Adolescens.
3611 4876 3781 4919 noebius
3800 4880 3942 4922 Verus
3968 4885 4013 4922 et
4035 4882 4223 4935 populus
4232 4909 4404 4927 ·······
4442 4893 4456 4932 ι
4477 4919 4594 4934 .....
4608 4901 4653 4939 15

807 4952 1305 4997 Munatiunus—Attisnus
1334 4964 1435 4996 cum
1464 4954 1582 4996 casis
1593 4982 2728 5002 .........................................
2736 4960 2779 5003 id
2790 4989 3043 5005 ..........
3079 4960 3211 5003 Naevii
3229 4960 3389 5002 fratres
3402 4963 3448 5001 et
3464 4956 3624 5013 Syllaeli
3645 4957 3806 5000 fratres
3809 4985 4405 5004 .......................
4441 4972 4458 5011 ῐ
4461 4999 4593 5014 ,,,,,
4606 4982 4654 5018 ¹7

806 5036 1078 5081 Arsuuiacus
1104 5047 1204 5078 cum
1232 5036 1350 5078 casis
1374 5063 2728 5084 .................................................
2736 5042 2782 5086 id
2790 5070 3044 5087 ..........
3078 5038 3202 5082 Coelii
3221 5037 3383 5080 fmtress
3394 5045 3439 5080 0²
3449 5036 3638 5091 POPUIUS
3647 5063 4406 5081 ····························
4442 5054 4474 5096 1.
4497 5079 4511 5092 .
4526 5081 4539 5094 .
4554 5080 4566 5094 .
4581 5060 4653 5099 -19

807 5117 1122 5174 Properlianus
1137 5144 2729 5166 ..........................................................
2737 5124 2780 5168 id
2790 5151 3045 5169 ..........
3078 5122 3237 5166 Atilius
3253 5121 3536 5175 Pelumenus,
3559 5120 3680 5163 Aiasi
3701 5118 3861 5163 fratres
3886 5126 3935 5164 et
3952 5122 4144 5177 populus
4153 5150 4325 5164 .......
4443 5136 4471 5175 l.
4499 5143 4648 5180 „nn
4675 5106 4680 5221 ἱ

808 5201 1065 5245 Licinianus
1076 5200 1311 5244 ‹Vin-ianus
1319 5226 2729 5248 ...................................................
2737 5206 2783 5249 id
2791 5233 3044 5250 ..........
3078 5207 3341 5252 Palamenus
3360 5206 3542 5250 Priscus
3560 5211 3606 5246 et
3622 5202 3848 5246 Pullienus
3866 5204 4047 5247 Priscus
4050 5231 4406 5248 ..............
4442 5216 4457 5256 1
4464 5241 4596 5256 ,,,,,
4603 5223 4654 5262 2⁵

810 5282 869 5326 Pl.
890 5286 986 5326 sive
1004 5282 1147 5325 saltus
1163 5281 1673 5327 Narisni·cstussniuni.
1697 5310 2727 5331 .....................................
2736 5287 2779 5330 id
2789 5315 3046 5331 ..........
3078 5292 3124 5332 C.
3145 5289 3308 5331 coelius
3325 5290 3468 5330 verus
3496 5292 3541 5328 et
3567 5284 3729 5327 Dellius
3747 5286 3958 5328 Proculus
3965 5313 4406 5329 .................
4442 5299 4457 5338 l
4464 5323 4595 5339 ,,,,,
4601 5303 4654 5341 28

809 5364 1928 5408 munslienus-Proestanus-Vibisnus·vuculeisnus
1938 5390 2730 5412 ............................
2739 5370 2781 5413 id
2790 5396 3046 5413 ..........
3078 5373 3288 5419 stoniceli
3306 5372 3467 5414 fratres
3493 5375 3538 5414 et
3555 5369 3745 5426 populus
3752 5397 4406 5416 .........................
4440 5380 4473 5422 1.
4498 5383 4648 5423 ....3ι

808 5443 1902 5489 Cornelianus·eollacterianusmaccellincuseum
1916 5446 2089 5489 colonia
4675 5462 4680 5545 1

860 5507 1339 5563 munatiana-Artengia
1352 5517 1396 5551 οι
1409 5508 2086 5553 coloniavenians-corneliana.
2126 5532 2728 5557 ······················
2736 5515 2782 5559 id
2791 5542 3046 5557 ..........
3079 5514 3243 5559 coelius
3262 5516 3418 5566 Verus,
3432 5514 3643 5557 Calunius
3663 5513 3858 5569 Pupillus
3872 5521 3919 5558 et
3933 5513 4120 5570 populus
4126 5541 4407 5557 ...........
4443 5515 4458 5554 l
4464 5540 4594 5557 .....
4603 5519 4654 5559 33
4675 5550 4680 5603 ι

812 5588 1635 5635 Aciliunusi-Albonienus·csuiuianus
1642 5612 2730 5637 .......................................
2737 5593 2779 5636 id
2791 5621 3046 5636 ..........
3080 5594 3248 5638 Dellius
3263 5594 3490 5649 proculus.
3509 5593 3668 5636 AEbutii
3688 5592 3853 5636 fratres
3870 5599 3916 5636 et
3935 5592 4118 5648 populus
4127 5621 4406 5636 ...........
4442 5600 4475 5641 1,
4498 5625 4512 5638 .
4526 5625 4539 5639 .
4552 5626 4566 5639 .
4579 5604 4653 5644 -87

811 5668 1074 5712 fonteianus
1084 5697 2350 5717 ...............................................
2363 5654 2403 5716 {-
2421 5697 2434 5711 ·
2467 5677 2511 5718 P.
2533 5673 2696 5717 Atilius
2712 5673 3016 5720 saturninus..
3032 5706 3045 5718 .
3079 5675 3236 5719 Atilius
3255 5675 3541 5729 Adolescens,
3560 5674 3730 5718 uaelius
3749 5678 3937 5718 Severus
3950 5657 3997 5718 el.
4011 5674 4199 5729 populus
4207 5701 4407 5716 ........
4443 5681 4477 5721 n
4500 5705 4621 5719 .....
4635 5688 4648 5720 ι
4674 5608 4679 5755 l

4674 5842 4679 5873 l

810 5749 1012 5795 Julianus
1035 5761 1137 5794 cum
1157 5750 1324 5806 figlinis
1342 5758 1388 5796 et
1415 5754 1606 5796 coloniis
1626 5759 1650 5798 8
1670 5753 1818 5808 (pagis
1835 5753 2028 5797 ⁴lunonio
2047 5759 2092 5796 et

863 5814 1070 5865 Domitio)
1081 5841 1575 5861 ...................
1597 5849 1602 5857 .
1618 5842 2434 5862 ..............................
2467 5819 2514 5860 P.
2537 5815 2691 5861 Albius
2711 5816 2964 5862 Secundus.
2977 5850 2993 5864 .
3007 5845 3019 5860 .
3032 5849 3045 5862 .
3081 5817 3248 5861 uaellus
3267 5817 3553 5871 severunt.
3574 5815 3771 5859 Velleius
3788 5814 4039 5871 Fisiodiogs
4055 5822 4101 5859 et
4117 5815 4327 5870 populus.
4341 5842 4353 5856 .
4368 5841 4380 5855 .
4394 5840 4407 5854 .
4441 5816 4477 5856 ll
4497 5842 4513 5856 .
4527 5841 4540 5854 .
4553 5842 4567 5855 .
4581 5820 4653 5860 .so
