5096 6425
2585 771 2979 847 -38-

1385 947 1540 1015 Hoc
1576 956 1940 1040 praeterea,
1982 942 2052 1011 in
2092 940 2342 1012 eadem
2382 939 2741 1038 pactione,
2776 937 3245 1011 animadverti
3280 952 3537 1037 potest,
3578 939 3651 1008 in
3689 940 3900 1009 unius
3932 939 4275 1039 cujusque

1288 1063 1489 1135 fundi
1521 1062 1988 1133 aestimatione
2021 1060 2341 1159 pecuniae
2374 1082 2728 1147 summaS,
2761 1059 2819 1130 si
2853 1073 3240 1157 supputare
3273 1059 3405 1156 ipsi
3435 1058 3873 1129 voluerimus
3897 1114 3916 1148 ‚
3968 1060 4276 1155 singula-

1287 1185 1417 1255 tim
1475 1184 1782 1279 majores
1834 1181 2023 1254 effici
2076 1205 2292 1278 quam
2345 1205 2503 1277 quae
2550 1180 2623 1250 in
2694 1179 2901 1250 titulo
2952 1179 3440 1267 declarantur3
3496 1192 3567 1249 et
3620 1193 3856 1249 tamen
3910 1179 4276 1274 utriusque

1289 1329 1587 1376 summae
1620 1304 1882 1401 paritas
1914 1300 2243 1399 quaedam
2277 1323 2428 1371 esse
2469 1298 2809 1389 deberet,
2854 1324 3079 1396 quum
3122 1297 3215 1370 de
3254 1297 3470 1371 rebus
3521 1297 3772 1368 iisdem
3818 1313 4120 1395 utraque
4155 1298 4277 1374 flat

1287 1425 1693 1513 aestimati03
1725 1421 1922 1521 quod
1948 1423 2006 1493 si
2027 1420 2437 1518 discrepant
2456 1420 2641 1489 inter
2665 1445 2738 1490 se
2759 1444 3079 1511 summae,
3104 1444 3252 1491 non
3276 1433 3530 1491 auctor
3545 1443 3716 1491 sane
3740 1418 3855 1489 ille
3874 1445 4026 1491 esse
4044 1436 4280 1519 potest

1289 1545 1413 1643 qui
1454 1543 1796 1617 Tabulam
1835 1543 2169 1642 sculpsit;
2211 1566 2523 1638 namque
2561 1540 2713 1611 hoec
2760 1540 3170 1640 disparitas,
3223 1565 3390 1612 cum
3438 1542 3954 1637 quinquaginta
3992 1567 4278 1641 unaque

1289 1663 1658 1758 pactiones
1689 1662 1761 1732 iu
1790 1660 2058 1732 Tabula
2080 1661 2247 1751 siut,
2283 1661 2476 1760 apud
2511 1687 2773 1733 novem
2808 1676 2878 1733 et
2910 1662 3155 1758 viginti
3186 1687 3272 1733 ex
3305 1662 3439 1732 illis
3469 1663 3841 1759 reperitur.
3876 1663 4091 1749 Quod
4118 1666 4276 1760 qui-

1289 1780 1458 1853 dem
1475 1781 1658 1855 infra
1675 1780 2081 1880 explanare,
2107 1797 2322 1879 atque
2346 1781 2515 1853 inde
2535 1781 2892 1854 deducere
2913 1783 3036 1880 qui
3059 1782 3318 1853 fuerint
3333 1806 3680 1879 pagorum
3701 1784 3898 1871 situS,
3923 1784 4272 1857 conabor.

1388 1913 1440 2004 S
1491 1914 1610 1982 IV.
1672 1915 1749 1981 ln
1808 1912 2012 1983 tertia
2067 1912 2438 2009 pactione,
2501 1910 2833 1983 videmus
2886 1915 2966 1982 T.
3039 1911 3353 1982 Naevium
3405 1909 3721 1982 colonias
3789 1917 3878 1984 II
3929 1912 4271 2010 obligare.

1292 2030 1511 2117 Quod
1550 2030 1986 2103 vocabulum
2037 2030 2212 2128 quid
2262 2029 2610 2126 significet
2650 2030 2864 2101 nobis
2914 2030 3015 2101 sic
3061 2030 3360 2127 exponit
3403 2029 3796 2102 Columella
3844 2059 3859 2099 z
3901 2063 3934 2097 (ι
3975 2032 4276 2108 Colonia

1292 2149 1826 2248 agricolationis
1867 2151 2112 2222 locum
2146 2150 2591 2247 aratorisque
2629 2150 2995 2222 officinam
3031 2149 3418 2245 significat*
3441 2205 3457 2219 .
3505 2178 3541 2216 n

1386 2273 1438 2364 S
1465 2274 1553 2341 V.
1590 2275 1668 2343 In
1699 2272 1950 2368 quinta
1978 2273 2349 2371 pactione,
2390 2297 2559 2343 cum
2595 2276 2691 2343 Μ.
2737 2273 3049 2344 Antonio
3091 2274 3329 2343 Prisco
3375 2272 3594 2364 sacta,
3625 2301 3657 2340 «
3703 2273 4084 2347 Atilianum
4118 2279 4277 2349 sun-

1290 2389 1468 2462 dum
1495 2416 1664 2465 cum
1697 2392 1889 2464 silvis
1928 2390 2539 2463 communionibus
2566 2391 2833 2490 obligat
2852 2398 2897 2464 ².
2928 2424 2960 2459 >2
3000 2392 3277 2465 Scilicet
3301 2396 3827 2465 communiones
3859 2397 4281 2474 dicebantur

1290 2523 1494 2583 terroe
1526 2535 1833 2609 quarum
1873 2536 1957 2584 ea
2007 2526 2159 2583 erat
2211 2510 2534 2582 conditio
2583 2526 2663 2583 ut
2705 2537 3133 2584 communes
3180 2538 3463 2612 semper
3501 2532 3915 2609 manerent3
3974 2545 4279 2616 quarum

1291 2629 1505 2703 nobis
1535 2632 1885 2728 originem
1916 2631 2558 2730 conditionemque
2587 2633 2860 2706 indicat
2893 2635 3250 2730 Hyginus⁸
3278 2662 3295 2704 ι
3347 2665 3381 2700 α
3411 2635 3649 2709 Multis
3676 2638 3975 2709 coloniis
4014 2642 4279 2715 immu-

1291 2748 1478 2821 nitas
1533 2750 1705 2821 uicit
1770 2751 1916 2847 agri
1974 2751 2570 2846 assignationem3
2639 2766 2712 2823 et
2772 2777 2999 2849 quum
3067 2754 3225 2850 plus
3291 2769 3496 2826 terrae
3549 2780 3768 2852 quam
3825 2759 4074 2833 datum
4131 2779 4279 2837 erat

1291 2884 1691 2966 superesset
1718 2925 1737 2961 ‚
1778 2870 2124 2967 proximis
2164 2870 2698 2967 possessoribus
2731 2870 2981 2944 datum
3014 2887 3118 2945 est
3165 2873 3236 2944 in
3273 2898 3660 2968 commune
3684 2932 3704 2964 ,
3742 2880 4035 2953 nomine
4075 2907 4278 2957 com-

1290 3013 1749 3088 pascuorum.
1794 3020 1830 3057 x·
1867 2994 2115 3065 Monet
2171 2991 2323 3089 ipse
2372 3007 2628 3071 auctor
2675 3018 2768 3064 ne
2807 2993 2960 3066 illas
3001 2994 3288 3067 easdem
3337 3009 3551 3092 atque
3594 3025 3628 3064 «
3681 3020 3949 3096 pascua
3992 2999 4277 3098 publica

1292 3109 1594 3183 colonioe
1634 3142 1668 3178 n
1701 3112 1911 3185 fuisse
1940 3127 2300 3212 putemus.

1389 3236 1442 3327 S
1484 3237 1604 3306 VI.
1670 3237 1754 3305 In
1799 3233 2078 3307 decima
2127 3234 2503 3331 pactione*
2546 3238 2643 3305 M.
2699 3234 2942 3307 Vibius
2996 3236 3301 3309 fundum
3354 3239 3764 3310 Mucianum
3815 3243 4278 3317 Veturianum

1292 3377 1458 3426 cum
1507 3353 1780 3425 meride
1829 3352 2233 3451 profitetur.
2286 3354 2569 3452 Duplex
2618 3355 2721 3427 ibi
2764 3357 3073 3428 occurrit
3113 3356 3520 3455 explanatio
3561 3386 3577 3428 ε
3617 3360 3733 3431 Sic
3779 3362 4282 3437 Forcellinius⁸

1296 3473 1807 3572 interpretatur
1862 3501 1877 3543 z
1933 3503 1970 3540 e<
2029 3475 2282 3567 Meris,
2335 3474 2511 3566 idcir,
2572 3474 2621 3546 f.
2683 3481 2892 3573 μερίς,
2956 3477 3105 3580 agri
3156 3500 3321 3575 pars
3363 3503 3408 3551 a
3455 3477 3682 3550 fundo
3726 3480 3986 3573 divisa,
4045 3485 4278 3558 eidem

1294 3606 1536 3664 tamen
1581 3592 1820 3665 addita
1879 3606 1950 3664 et
1985 3593 2302 3688 subjecta
2342 3620 2358 3662 ε
2407 3618 2451 3666 a
2484 3597 2708 3692 μείρω,
2749 3595 2996 3668 divido
3027 3596 3232 3693 (Tab.
3271 3598 3466 3669 alim.
3498 3599 3678 3671 Vell.
3727 3623 3769 3672 a
3807 3606 4021 3676 Lama
4054 3604 4277 3695 edita,

1296 3711 1438 3782 col.
1467 3716 1540 3803 7,
1580 3713 1629 3782 l.
1678 3714 1799 3805 15,
1834 3728 1906 3784 et
1944 3712 2086 3785 col.
2124 3717 2200 3802 4,
2239 3713 2289 3785 l.
2325 3715 2460 3806 38,
2517 3729 2590 3785 et
2634 3715 2774 3786 col.
2815 3720 2887 3806 6,
2927 3716 2977 3787 l.
3017 3718 3169 3814 86).
3200 3745 3238 3788 n
3292 3718 3398 3790 Ad
3442 3720 3724 3791 comitis
3757 3747 3928 3793 vero
3969 3725 4281 3821 Asquinii

1296 3832 1725 3903 sententiam
1753 3833 2207 3930 potissimum
2239 3834 2536 3925 accede,
2576 3837 2736 3931 qui,
2780 3861 3004 3933 quum
3042 3837 3477 3910 vocabulum
3512 3843 3729 3910 meris
3759 3842 3831 3911 in
3867 3840 4108 3940 lingua
4141 3847 4282 3918 cel-

1296 3951 1437 4021 tica
1480 3952 1816 4048 paludem
1858 3953 2245 4050 significet,
2284 3955 2376 4026 de
2409 3955 2674 4054 palude
2719 3960 2789 4028 in
2823 3957 3093 4031 Tabula
3126 3960 3239 4056 agi
3270 3961 3418 4033 sive
3452 3962 3696 4061 potius
3725 3962 3816 4036 de
3850 3964 4281 4062 quibusdam

1299 4068 1476 4143 locis
1505 4072 1940 4170 palustribus
1974 4072 2385 4147 arbitratur.

1382 4260 1441 4316 1.
1477 4257 1611 4317 vid.
1643 4277 1740 4339 ap.
1768 4258 2181 4340 Columellam,
2207 4267 2326 4340 XI,
2354 4285 2412 4337 1,
2439 4262 2485 4344 S
2509 4265 2612 4323 23.

1288 4395 1293 4400 -
1381 4358 1916 4432 2,001.11,1.14.

1382 4466 1439 4521 3.
1472 4465 1763 4543 Hyginus,
1785 4486 1845 4547 p.
1866 4469 2009 4528 201.
2038 4473 2127 4529 De
2154 4470 2456 4530 Limitibus
2483 4487 2668 4533 const.
2693 4474 2833 4534 edit.
2860 4474 3168 4539 Rudorstii.
3196 4478 3511 4538 Gromatici
3531 4492 3777 4538 veteres.
3800 4485 4078 4555 Bet-oliui,
4101 4486 4277 4547 1848.

1297 4594 1378 4605 -
1407 4562 1493 4622 Cf.
1541 4565 1883 4624 Frontinum
1916 4591 1929 4624 ε
1969 4595 1997 4622 ιι
2020 4569 2245 4629 Relicta
2279 4585 2414 4631 sunt
2452 4586 2511 4632 et
2548 4576 2728 4634 multa
2771 4576 2897 4635 loca
2932 4597 3063 4654 quae
3100 4581 3392 4640 ueteranis
3431 4579 3565 4640 data
3593 4599 3710 4639 non
3745 4595 3900 4644 sunt.
3939 4589 4075 4643 Haec
4105 4587 4283 4646 uariis

1299 4662 1782 4741 appellationibus
1807 4687 1917 4747 per
1942 4668 2208 4748 regiones
2238 4672 2615 4735 nominantur
2640 4699 2654 4735 ε
2683 4678 2740 4737 ἰη
2771 4679 3002 4739 Etruria
3027 4684 3413 4743 communalia
3448 4697 3750 4756 uocantur,
3785 4697 3893 4743 etc.
3921 4713 3947 4737 2·
3996 4691 4083 4749 De
4122 4692 4283 4748 Con-

1299 4765 1597 4824 troversiis
1623 4785 1929 4848 agrorum,
1961 4789 2023 4848 p.
2046 4776 2145 4832 48.
2176 4775 2319 4834 Ead.
2350 4776 2502 4836 Edit.

1382 4871 1443 4927 4.
1475 4869 1598 4927 eon.
1622 4873 1701 4943 11,
1739 4871 1782 4933 1.
1817 4874 1911 4934 u.

1304 4998 1308 5002 <
1383 4972 1439 5026 5.
1474 4970 1668 5028 Totius
1697 4971 1991 5034 latinitatis
2016 4977 2296 5050 Lexicon,
2327 4981 2573 5041 consilio
2595 4998 2653 5043 et
2680 5005 2818 5043 cura
2838 4986 3040 5046 Jacobi
3070 4989 3397 5059 Pacciolaffl
3427 5010 3603 5070 opera
3631 4994 3895 5053 etstudio
3909 4997 4120 5076 AEgidii
4152 5002 4285 5057 For·

1298 5070 1525 5142 cellini‚
1576 5073 1796 5134 alumni
1836 5077 2134 5138 seminarii
2166 5081 2430 5142 Patavini
2472 5083 2880 5160 lucubratum,
2913 5102 3022 5150 etc.
3071 5090 3459 5172 Schneebergoe
3483 5138 3500 5166 ‚
3553 5097 3699 5154 1831
3733 5141 3750 5170 ,
3809 5097 3985 5157 editio
4031 5102 4089 5158 in
4133 5103 4280 5159 Ger·

1300 5190 1492 5231 mama
1523 5193 1732 5252 prima.
