5096 6425
2627 756 2970 826 -6-

1180 944 1195 958 ·
1300 936 1514 1016 atque
1566 920 1639 999 id
1684 920 1827 1016 agit
1870 934 1949 991 ut
1998 918 2296 1000 fundOS,
2344 918 2435 988 de
2470 918 2732 1015 quibus
2767 920 2835 989 in
2874 918 3141 990 Tabula
3190 944 3425 989 sermo
3475 933 3578 990 est
3606 973 3623 1007 ,
3680 945 3830 990 non
3871 919 4290 993 Placentinae

1301 1042 1427 1115 sed
1466 1047 1766 1114 Lucanae
1804 1040 2111 1137 regionis
2143 1064 2294 1113 esse
2324 1040 2635 1139 probare
2669 1039 2874 1129 velit3
2923 1065 3142 1136 seque
3190 1039 3565 1137 profitetur
3598 1040 3811 1137 plane
3852 1039 4291 1111 demonstra-

1302 1179 1542 1235 turum
1573 1163 1815 1237 multis
1830 1163 2074 1233 Tuscis
2110 1176 2178 1233 et
2204 1160 2640 1232 Lucensibus
2674 1159 2856 1233 locis
2880 1162 3177 1234 nomina
3200 1160 3454 1232 eadem
3488 1160 3699 1233 etiam
3729 1186 3924 1257 nunc
3948 1160 4287 1232 inhaerere

1301 1307 1459 1378 quae
1499 1282 1575 1353 in
1617 1280 1887 1354 Tabula
1939 1280 2466 1353 describuntur.

1403 1405 1454 1495 ἓ
1480 1405 1631 1472 XV.
1655 1378 2085 1473 Muratorius
2108 1399 2538 1499 opusculum
2568 1425 2788 1497 supra
2814 1401 3153 1497 scriptum
3177 1401 3431 1471 iterum
3450 1399 3789 1495 vulgavit,
3814 1423 4006 1470 anno
4031 1399 4218 1471 1767
4239 1404 4284 1467 ¹.

1402 1525 1452 1615 §
1487 1526 1611 1592 XV
1619 1529 1668 1593 1.
1724 1523 1852 1593 Hic
1908 1522 2110 1620 operi
2145 1522 2353 1593 locus
2389 1519 2854 1616 assignandus
2896 1535 3040 1608 est,
3090 1519 3608 1616 quodreliquit
3653 1520 3804 1616 ipse
3838 1543 3999 1589 can.
4037 1523 4282 1609 Costa,

1303 1647 1413 1717 vir
1440 1644 1857 1717 effodiendo
1877 1644 2173 1717 Veleiati
2206 1667 2380 1738 agro
2417 1641 2813 1739 praesectuS,
2844 1641 3287 1739 quiquidem
3328 1656 3468 1712 tres
3516 1639 3740 1713 libros
3787 1640 4070 1737 reliquit
4115 1652 4289 1714 αὑτο-

1302 1771 1579 1867 γροίφους,
1614 1767 1687 1837 in
1710 1765 1996 1862 quibus,
2021 1790 2169 1862 quo
2203 1779 2274 1836 et
2306 1779 2630 1862 tempore
2662 1778 2731 1835 et
2769 1763 2991 1836 modo
3020 1762 3277 1833 suerint
3305 1763 3498 1860 apud
3520 1763 3861 1852 Veleiam,
3898 1777 4005 1833 tot
4036 1761 4292 1834 rudera

1306 1885 1584 1956 detecta
1634 1898 1879 1956 narrat
1935 1884 2375 1980 singillatim,
2426 1884 2782 1981 quidquid
2822 1899 3065 1955 autem
3103 1885 3337 1981 aliqua
3389 1887 3735 1956 memoria
3775 1884 4075 1979 dignum
4122 1883 4291 1955 inde

1309 2006 1519 2077 suerit
1590 2004 1927 2110 effossum
1999 2004 2332 2102 graphice
2399 2003 2756 2102 designat,
2830 2004 3031 2102 quod
3105 2030 3290 2103 opus
3356 2005 3685 2076 nondum
3751 2005 4285 2103 pervulgatum,

1310 2128 1578 2195 Parmae
1603 2179 1621 2215 ,
1665 2137 1740 2192 ut
1771 2121 2084 2213 videtur,
2125 2124 2198 2191 in
2233 2121 2474 2219 aliquo
2507 2123 2774 2220 angulo
2808 2123 3022 2194 etiam
3058 2148 3252 2194 nunc
3286 2122 3652 2194 delitescit.

1404 2249 1453 2338 S
1486 2249 1703 2316 XVII.
1765 2249 1969 2315 Anno
2004 2247 2224 2335 1775,
2271 2248 2506 2335 Lucae,
2546 2248 2624 2315 P.
2659 2245 3081 2316 Vincentius
3111 2246 3416 2342 Poggius
3453 2246 3746 2316 Litteras
3773 2244 4215 2342 pervulgavit
4240 2247 4285 2335 ¹,

1306 2365 1380 2435 in
1429 2363 1689 2461 quibus
1741 2378 1821 2434 ut
1873 2363 2098 2434 multa
2140 2363 2312 2453 alia,
2362 2389 2521 2460 quae
2570 2364 2808 2435 minus
2860 2378 3052 2435 recte
3097 2364 3424 2461 exponit,
3481 2366 3846 2452 omittam,
3908 2363 4050 2435 hoc
4101 2375 4292 2435 certe

1308 2484 1625 2557 monebo
1664 2509 1830 2556 eum
1870 2484 2039 2583 ipsis
2073 2484 2337 2557 fundos
2374 2484 2907 2581 possidentibus
2945 2484 3506 2557 munificentiam
3536 2483 3962 2557 adscribere.

1406 2609 1456 2700 ἓ
1489 2611 1736 2678 XVIII.
1794 2610 2000 2677 Anno
2039 2607 2256 2695 1776,
2291 2605 2509 2676 Taciti
2555 2606 2893 2703 operibus
2931 2606 3343 2702 adjunctam
3374 2605 3857 2704 Appendicem
3904 2604 4293 2677 chronolo-

1310 2729 1538 2824 gicam
1573 2726 1800 2798 edidit
1829 2728 2221 2817 BroteriuS,
2270 2727 2343 2797 in
2380 2751 2522 2822 qua
2564 2726 2870 2799 breviter
2905 2725 2996 2798 de
3019 2727 3443 2799 Veleiatium
3475 2726 3742 2799 Tabula
3774 2742 4296 2801 commentatus

1313 2859 1420 2916 est
1454 2860 1524 2915 et
1556 2845 2103 2942 Inscriptionem
2139 2846 2367 2943 ipsam
2402 2845 2763 2943 protulit⁸.
3969 2866 3970 2869 ’

1410 2966 1461 3056 S
1497 2968 1679 3034 XIX.
1720 2970 1928 3034 Anno
1958 2965 2175 3056 1788,
2209 2965 2318 3035 vir
2353 2989 2628 3059 magnae
2661 2965 3004 3039 doctrinae
3037 2983 3107 3040 et
3138 2968 3327 3039 acuti
3358 2968 3621 3065 ingenii
3649 2968 4053 3064 Zacynthus
4076 2972 4250 3038 Cara
4271 3021 4292 3055 ,

1314 3083 1681 3175 Vercellis,
1754 3083 2078 3156 libellum
2133 3086 2466 3182 protulit,
2527 3086 2749 3159 hodie
2809 3090 3321 3180 rarissimum⁸,
3378 3090 3451 3159 in
3501 3113 3648 3187 quo
3673 3144 3691 3180 ,
3760 3105 4014 3187 praeter
4068 3090 4298 3187 ipsam

1309 3203 1692 3294 Tabulam,
1743 3204 1956 3276 etiam
1997 3202 2364 3299 locorum,
2404 3231 2564 3303 quae
2597 3208 2668 3277 in
2697 3208 2963 3281 Tabula
2996 3209 3427 3300 indicantur,
3466 3208 3685 3280 habes
3715 3207 4292 3308 descriptionem.

1313 3327 1603 3398 Fundos
1647 3341 1887 3399 autem
1934 3351 2186 3399 omnes
2237 3329 2427 3400 circa
2469 3329 2781 3401 Veleiam
2833 3331 3005 3400 sitos
3065 3331 3276 3402 fuisse
3317 3345 3555 3429 putat,
3614 3353 3835 3428 pagos
3875 3331 3997 3426 qui
4049 3332 4119 3400 in
4172 3332 4299 3403 ali-

1312 3450 1660 3523 mentaria
1720 3450 2189 3547 Inscriptione
2240 3449 2734 3545 designantur,
2793 3451 3231 3549 fundosque,
3293 3476 3510 3548 quem
3564 3451 3806 3521 locum
3870 3451 4291 3541 habuerint,

1314 3570 1654 3668 reperisse
1715 3596 1789 3642 se
1850 3570 2225 3642 contendit
2247 3628 2264 3658 ,
2338 3570 2556 3668 idque
2618 3572 3089 3670 geographica
3151 3572 3460 3643 formula
3515 3570 3948 3668 descriptum
4015 3571 4300 3644 lectoris

1318 3688 1542 3760 oculis
1577 3687 1926 3785 subjicere
1958 3713 2104 3760 non
2141 3688 2421 3759 dubitat
2445 3692 2488 3759 ⁶.

1413 3814 1463 3905 ἓ
1498 3816 1648 3882 XX.
1708 3811 1983 3883 Eodem
2033 3834 2263 3899 ann0,
2317 3809 2639 3883 libellum
2674 3812 2993 3908 ejusdem
3037 3814 3444 3916 argumenti·
3472 3817 3795 3909 Augustae
3824 3814 4296 3884 Taurinorum

1319 3933 1709 4005 Pitarellius
1741 3932 2028 4004 edidit⁶.
2070 3931 2372 4004 Duobus
2403 3932 2611 4004 annis
2649 3933 2941 4032 elapsi5‚
2986 3934 3177 4005 idem
3210 3935 3491 4033 scripsit
3535 3934 3757 4006 multa
3792 3933 3883 4005 de
3927 3934 4102 4005 locis
4129 3959 4298 4029 geo-

1321 4053 1673 4150 graphicis
1705 4057 1851 4125 JOS.
1894 4054 2289 4125 Pitarellius
2326 4056 2633 4127 Astius⁷z
2693 4081 2879 4154 opus
2918 4056 3093 4128 illud
3137 4072 3242 4128 est
3290 4057 3364 4128 in
3413 4056 3733 4154 quinque
3785 4069 4017 4152 partes
4064 4055 4298 4127 distri—

1402 4367 1455 4422 1.
1486 4367 1551 4421 Τ.
1585 4367 1701 4436 111,
1735 4368 1968 4424 ArezzO.

1399 4469 1457 4525 2.
1495 4471 1721 4524 Lettere
1750 4467 2048 4547 ragionate
2066 4467 2207 4527 d'un
2234 4468 2598 4528 accademico
2624 4491 2856 4533 oscum.
2892 4477 3071 4546 Luca,
3103 4475 3282 4531 1775.

1402 4571 1458 4627 3.
1493 4570 1685 4640 Paris,
1716 4572 1749 4626 7
1782 4569 1899 4628 vol.
1925 4570 2128 4644 in-12,
2162 4573 2336 4643 1776,
2362 4572 2614 4631 secunda
2641 4572 2809 4645 edit.;
2845 4573 3030 4653 prima
3060 4573 3261 4648 editio,
3296 4576 3474 4646 1771,
3511 4578 3545 4630 4
3573 4572 3692 4630 vol.
3726 4572 3874 4628 in-4.

1400 4675 1456 4728 4.
1490 4670 1599 4729 Dei
1635 4672 1808 4751 paghi
1833 4673 1967 4730 dell’
1993 4694 2134 4754 agro
2162 4675 2415 4735 Veleiate
2442 4676 2722 4736 nominati
2752 4677 2904 4737 nella
2929 4679 3142 4738 Tavola
3161 4678 3405 4752 Trajana
3431 4674 3789 4735 alimentaria
3815 4673 3924 4732 che
3950 4673 3998 4731 si
4024 4691 4304 4731 conserva

1316 4772 1408 4830 nel
1438 4792 1638 4831 museo
1671 4773 1731 4831 di
1759 4777 1985 4834 Parma.
2019 4781 2078 4833 V
2071 4781 2285 4850 ercelli,
2314 4799 2759 4839 uncctxxxvm.

1399 4879 1455 4935 5.
1488 4879 1555 4933 P.
1587 4879 1847 4938 93-130.

1396 4979 1458 5039 6.
1495 4977 1634 5036 Idea
1664 4978 1816 5038 della
1843 4978 2209 5060 spiegazione
2240 4981 2391 5041 della
2422 4986 2640 5044 Tavola
2673 4986 3039 5044 alimentaria
3067 4985 3124 5043 di
3149 4984 3420 5043 Traiano.
3457 4984 3680 5052 Tor-ino,
3713 4982 3892 5040 1788.

1400 5082 1454 5138 7.
1499 5080 1665 5138 Della
1707 5082 2158 5145 celebratissima
2197 5085 2412 5144 Tavola
2458 5085 2825 5148 alimentaria
2880 5089 2937 5147 di
2979 5089 3264 5160 Traiano,
3310 5084 3673 5166 spiegazione
3727 5083 3866 5141 satta
3917 5080 3990 5139 da
4035 5077 4303 5139 Secundo

1321 5182 1615 5264 Giuseppe
1639 5185 1894 5245 Pitarelli
1921 5186 2128 5248 d’Asti.
2172 5192 2395 5262 Tot-ino,
2434 5193 2613 5250 1790.
