5096 6425
2164 727 2557 797 —23—

869 900 1026 956 rum
1061 883 1325 956 civium
1361 888 1455 957 in·
1480 888 1733 961 italicis
1759 887 2165 959 civitatibus
2197 890 2481 962 miseria
2520 890 2897 962 levaretur.
2952 892 3388 988 Quaejgitur
3434 893 3643 964 fuerit
3695 895 3849 992 ejus

868 1000 1330 1078 institutionis
1362 1010 1546 1080 ratio
1568 1008 1973 1082 videamus,

966 1125 1017 1215 5
1051 1128 1139 1195 III
1149 1180 1164 1196 .
1205 1127 1606 1200 ludiversis
1636 1130 1845 1201 Italiae
1872 1131 2274 1203 civitatibus
2302 1138 2635 1229 magnam
2667 1135 3085 1231 pecuniam,
3115 1156 3256 1228 qua
3283 1149 3851 1207 sustentarentur

867 1267 1242 1343 paupereS‚
1280 1251 1593 1344 proestari
1629 1249 1933 1346 jubebat
1965 1254 2392 1351 Imperator.
2448 1258 2774 1351 Namque
2803 1255 3118 1326 *minime
3153 1270 3259 1327 est
3287 1254 3505 1326 hodie
3541 1255 3849 1329 dubium

867 1362 1041 1456 quin
1084 1364 1347 1436 fuerint
1387 1367 1501 1438 ab
1494 1373 1950 1466 Imperatore
1990 1369 2386 1442 distributae
2432 1371 2758 1470 pecuniae
2801 1370 2934 1441 itlae
2971 1395 3130 1467 quoe
3178 1372 3254 1442 in
3285 1370 3572 1442 Tabulis
3618 1372 3849 1445 decla·

865 1498 1153 1574 rantur3
1196 1500 1513 1559 ceterum
1548 1513 1655 1560 ex
1675 1488 1918 1561 multis
1953 1489 2107 1561 aliis
2142 1492 2669 1581 monumentis,
2714 1489 3089 1587 quomodo
3122 1515 3196 1562 se
3232 1517 3343 1563 res
3377 1517 3544 1564 vere
3576 1492 3848 1566 babue—

867 1602 994 1694 rit,
1032 1603 1112 1675 fit
1142 1607 1671 1683 manifestum}-

863 1778 871 1784 .
964 1727 1015 1815 5
1050 1728 1168 1796 lv.
1220 1731 1363 1799 Ista
1391 1730 1699 1826 pecunia
1729 1729 1826 1800 ab
1850 1734 2299 1829 tmperatore
2333 1730 2499 1803 data
2520 1757 2682 1805 sors
2714 1745 2872 1803 erat
2897 1731 3099 1827 cuju-s
3129 1732 3570 1831 pauperibus
3598 1735 3848 1806 condi-

866 1844 1078 1919 tionis
1130 1846 1871 1949 ingenuaepueriset·
1917 1854 2289 1950 utriusque
2338 1868 2550 1925 sexus
2583 1854 2749 1926 ‘sola
2790 1868 2972 1925 esset
3023 1854 3252 1925 usura
3287 1853 3713 1948 dividenda3
3771 1871 3850 1928 ut

862 1978 1103 2035 autem
1137 1984 1539 2067 perpetuus·
1560 1971 1689 2043 ille·
1710 1972 1981 2045 reditus
2016 1976 2276 2045 intuto
2312 1974 2519 2047 fieret
2541 2030 2561 2067 ,
2598 1975 2790 2046 hauc
2828 1989 3097 2047 sortem
3128 1973 3391 2046 fundos
3427 1974 3850 2072 possidenti-

863 2082 999 2157 bus
1036 2086 1109 2156 in
1140 2090 1546 2189 municipiis
1578 2092 2023 2191 coloniisque
2060 2100 2461 2194 Imperator
2497 2094 3035 2194 suppeditabat,
3082 2110 3187 2184 et,
3221 2121 3452 2193 quum
3481 2097 3848 2170 mediocre

860 2221 1040 2278 esset
1072 2207 1277 2280 senus
1308 2208 1479 2282 huic
1511 2212 1912 2304 addictum,
1956 2215 2256 2287 aderant
2296 2216 2567 2288 fundos
2603 2217 3053 2314 possidentes
3097 2242 3248 2287 non
3287 2218 3498 2317 pauci
3533 2216 3625 2289 ad
3662 2244 3848 2316 quos

860 2337 932 2394 et
965 2326 1157 2423 ipsos
1189 2328 1456 2426 aliquid
1498 2333 1973 2430 imperatoriae
2011 2336 2454 2408 liberalitatis
2484 2337 2918 2434 perveniret.
2970 2338 3169 2434 Saepe
3210 2359 3369 2407 eam
3411 2352 3678 2409 sortem
3711 2338 3846 2409 illis

858 2447 1384 2543 suppeditatam
1442 2452 1654 2526 fuisse
1698 2455 2009 2527 arbitror
2054 2456 2251 2528 uude
2307 2458 2574 2529 fundos
2628 2471 3081 2548 exercerent,
3140 2481 3354 2528 usura
3398 2458 3841 2554 quincunce,

858 2593 1016 2665 quae
1038 2572 1521 2646 modicissima
1543 2578 1879 2677 quidem,
1896 2581 1956 2650 si
1978 2605 2146 2651 cum
2175 2581 2308 2659 ista
2332 2580 2720 2652 centesima
2745 2594 3232 2678 comparetur,
3261 2602 3421 2677 quae
3444 2604 3530 2651 ex
3563 2596 3846 2654 mutua-

858 2691 1180 2764 tionibus
1213 2695 1328 2765 vel
1373 2697 1447 2767 in
1484 2699 2099 2795 negotiationibus
2136 2726 2220 2773 ac
2256 2703 2732 2774 mercimonio
2769 2700 3006 2797 colligi
3042 2701 3328 2773 soleret.
3367 2702 3593 2797 Hujus
3639 2702 3849 2798 igitur

861 2836 1090 2884 usurae
1117 2818 1395 2887 nummi
1424 2819 1610 2890 inter
1632 2844 1987 2919 pauperes
2011 2848 2276 2920 pueros
2303 2821 2837 2894 dividebantur.
2869 2823 2986 2893 Sic
3010 2838 3139 2893 sua
3168 2823 3586 2920 Imperatori
3616 2825 3848 2894 muni·

860 2931 1141 3005 ficentia
1165 2934 1359 3008 salva
1382 2954 1450 3010 et
1484 2956 1842 3037 superstes
1873 2957 2052 3031 erat,
2089 2968 2461 3039 quumque
2490 2943 2938 3040 possidentes
2972 2938 3366 3039 adjuvaret,
3400 2941 3846 3039 agriculturae

858 3054 1368 3151 opitulabatur,
1406 3072 1479 3129 et
1510 3059 2151 3158 publicis'miseriis
2183 3062 2684 3135 subveniebat.

954 3178 1005 3268 5
1039 3181 1125 3248 V.
1184 3182 1350 3266 Quo
1387 3192 1629 3252 autem
1668 3180 1750 3252 id
1803 3178 2003 3256 fieret
2028 3177 2261 3253 modo
2305 3206 2542 3281 operae
2592 3184 2901 3281 pretium
2943 3197 3047 3255 est
3100 3207 3516 3280 exponere.
3557 3208 3723 3256 nam
3771 3201 3848 3258 ut

857 3312 1093 3394 pateat
1139 3324 1297 3396 quae
1343 3302 1435 3372 sit
1474 3302 1856 3394 institutio,
1884 3304 2239 3400 primum
2258 3327 2407 3399 quo
2448 3305 2803 3400 pertineat
2838 3318 2945 3374 est
2990 3304 3600 3398 cognoscendum.
3658 3310 3845 3379 Num

854 3418 927 3490 id
950 3472 970 3506 ,
1045 3435 1127 3491 ut
1193 3422 1266 3492 in
1336 3423 1597 3519 primis
1644 3423 2051 3522 reipublicae
2113 3448 2433 3497 romanae
2497 3424 2984 3523 temporibuS,
3051 3422 3403 3496 efficiebat
3464 3425 3845 3499 liberalitas

859 3556 937 3612 ut
994 3565 1186 3613 nova
1246 3543 1545 3616 miseriae
1609 3566 1821 3616 causa
1886 3543 2265 3616 accederet
2327 3560 2397 3615 et
2448 3543 2869 3616 hominibus
2925 3545 3037 3615 vis
3095 3543 3313 3615 animi
3373 3546 3838 3641 suangeretur,

855 3660 1033 3732 dum
1092 3663 1304 3733 otiosi
1344 3664 1568 3759 quasi
1637 3690 1848 3735 suum
1918 3663 2213 3759 vectigal
2280 3679 2774 3764 exspectarent
2846 3689 2929 3737 ac
2996 3678 3191 3735 certo
3260 3678 3583 3764 tempore
3657 3668 3842 3738 acci-

858 3782 1155 3880 perent?
1213 3787 1444 3854 Immo
1493 3785 1865 3856 liberalem
1924 3784 2120 3856 hunc
2176 3786 2487 3857 reditum
2539 3812 2689 3858 non
2749 3786 2841 3857 ad
2887 3787 3186 3882 juvenes
3236 3786 3521 3858 adultos
3571 3788 3698 3860 sed
3749 3790 3840 3861 ad

862 3932 897 3971 κ
918 3927 1182 4001 pueros
1202 3936 1236 3970 »
1270 3906 1651 4003 pertinere,
1682 3921 1752 3977 et
1782 3904 2138 3980 modicam
2172 3907 2467 4003 singulis
2491 3907 2645 3978 clari
2679 3908 3094 4007 pecuniam,
3127 3932 3285 4003 quae
3316 3906 3612 3979 familias
3645 3910 3841 4006 inge-⁴

858 4050 1037 4098 nuas
1069 4023 1467 4123 adjuvaret,
1511 4052 1663 4099 non
1703 4033 1943 4100 autem
1986 4028 2329 4100 omnibus
2361 4053 2519 4124 quae
2559 4028 2651 4099 ad
2684 4029 2905 4099 vitam
2939 4027 3128 4099 bene
3157 4028 3559 4125 degendam
3596 4056 3843 4103 neces-

855 4149 1037 4220 saria
1085 4164 1254 4220 sunt
1308 4150 1723 4241 instrueret,
1774 4150 2180 4221 notandum
2208 4164 2353 4222 est.
2405 4152 2776 4220 Menstrua
2818 4150 3084 4220 scilicet
3134 4151 3452 4222 sestertia
3483 4150 3840 4223 sexdecim

854 4270 1113 4364 singuli
1164 4271 1412 4369 pueri,
1467 4270 1758 4365 singulae
1784 4284 2039 4342 autem
2064 4269 2762 4368 'puellae‘duodecim'
2785 4270 3258 4367 accipiebant.
3295 4275 3450 4342 Jam
3488 4271 3844 4366 ejusmodi

853 4385 1273 4459 liberalitate
1317 4387 1640 4459 moribus
1672 4389 2208 4479 consulebatur,
2260 4390 2530 4489 quippe
2575 4416 2736 4488 quae
2777 4390 3227 4462 nothosnon
3272 4392 3574 4462 omnino
3618 4416 3842 4490 repu-

856 4506 1101 4597 dianS,
1143 4509 1239 4579 ita
1268 4507 1597 4603 legitimis
1622 4524 2063 4582 succurreret
2098 4524 2178 4580 ut
2212 4526 2512 4608 propter
2551 4535 2673 4582 eos
2708 4511 3031 4582 instituta
3063 4535 3214 4582 esse
3252 4509 3637 4582 videretur.
3679 4514 3839 4581 Ete-

856 4732 959 4792 δων
982 4736 1181 4815 τροφὴν
1210 4737 1382 4798 πολλὰ
1408 4738 1752 4820 χαρίσασθαι,
1781 4740 1873 4799 καὶ
1905 4739 2118 4809 τούτους
2157 4744 2458 4822 εὐεργετῶν.
2496 4769 2519 4793 ν
2554 4741 2690 4814 Dio,
2721 4743 2994 4812 LXVIII,
3033 4745 3089 4802 ὅ.
3120 4771 3199 4786 -—-
3221 4743 3306 4802 Cf.
3339 4742 3487 4800 Ptin.
3508 4745 3838 4823 Panegyr„

855 4858 908 4897 c.
937 4859 1078 4914 xxV,
1107 4860 1250 4898 xxv1
1276 4854 1333 4900 et
1358 4863 1542 4900 xxvn.

937 4942 964 4994 1
981 4985 996 4998 .
1030 4943 1379 5002 Henzenius.
1414 4948 1526 5023 Op.
1553 4966 1730 5025 supra
1758 4947 1956 5026 script.
1987 4945 2036 5028 5
2057 4969 2101 5005 ιι
2118 4993 2134 5023 ,
2166 4948 2604 5028 inscriptionem
2632 4948 2801 5009 assert
2829 4950 2889 5008 in
2921 4968 3038 5027 qua
3062 4947 3184 5006 haec
3210 4945 3494 5006 vocabula
3526 4947 3833 5027 leguntur:

857 5048 1111 5110 QVAEST
1148 5071 1161 5085 ·
1195 5053 1355 5104 ΛΜΗ
1391 5074 1404 5087 ·
1437 5054 1626 5110 CAES.
1660 5051 1846 5109 Aliam
1871 5064 2062 5112 autem
2092 5052 2352 5131 protulit,
2378 5052 2580 5112 eodem
2606 5050 2700 5133 3⁶,
2721 5053 2781 5110 in
2809 5072 2924 5130 qua
2947 5052 3071 5110 haec
3095 5064 3226 5110 sunt
3254 5053 3552 5123 :Qnaestor
3570 5056 3688 5108 SAC
3724 5076 3738 5091 ·
3772 5055 3841 5116 Ρ.

856 5149 1037 5203 Autt.
