5096 6425
2561 709 2952 780 ..24-

1258 869 1407 937 nim
1472 893 1864 966 puerorum
1922 868 2184 966 quibus
2250 869 2467 940 latam
2536 869 2747 940 fuisse
2812 891 3025 966 opem
3087 865 3398 938 declarat
3453 866 3868 942 Veleiatium
3922 866 4190 940 Tabula
4218 922 4237 957 ‚

1257 992 1400 1061 245
1441 989 1925 1061 inscribuntur
1957 1014 2191 1062 mares
2234 989 2569 1084 legitimi,
2610 988 2939 1085 legitimae
2975 985 3227 1085 puellae
3259 987 3399 1076 343
3450 1011 3676 1058 unum
3713 985 3887 1059 vero
3920 988 4241 1085 spurium

1256 1124 1325 1179 et
1364 1133 1578 1180 unam
1620 1109 2125 1181 tantummodo
2158 1110 2474 1208 spuriam
2513 1109 2589 1179 in
2638 1108 2840 1180 titulo
2879 1108 3099 1206 ipsius
3135 1104 3420 1177 Tabulae
3464 1108 3885 1206 reperimus,
3941 1111 4244 1180 AEtatem

1256 1228 1580 1300 definivit
1622 1229 2024 1301 Hadrianus
2058 1230 2176 1301 cui
2212 1229 2363 1325 jam
2406 1228 2602 1300 nulla
2638 1228 2977 1299 alimenta
3010 1226 3468 1315 deberentur,
3520 1252 3816 1326 remque
3852 1228 4246 1300 Alexander

1256 1352 1557 1421 Severus
1613 1350 2135 1421 confirmavit¹.
2202 1349 2325 1421 llla
2380 1362 2622 1421 autem
2677 1362 2827 1420 erat
2882 1350 3122 1447 pueris
3179 1372 3542 1420 annorum
3602 1365 3767 1421 octo
3822 1365 3895 1422 et
3950 1350 4239 1440 decem,

1257 1469 1507 1542 decem
1562 1486 1630 1542 et
1686 1484 1993 1567 quatuor
2055 1470 2331 1569 puelliS.
2399 1469 2846 1541 Henzenius'
2908 1471 3180 1541 Lamae‘
3241 1493 3558 1540 errorem
3619 1485 3822 1542 notat
3883 1473 4244 1569 opinantis

1246 1615 1518 1691 pueros
1543 1592 1979 1690 quicumque
2012 1615 2275 1662 novem
2299 1614 2659 1661 annorum
2688 1603 2967 1660 aetatem
2996 1590 3457 1661 excessissent
3476 1644 3495 1680 ,
3535 1592 3918 1663 Pertinacis
3949 1592 4241 1688 quidem

1255 1721 1614 1807 tempore,
1657 1709 1927 1781 nullam
1961 1709 2468 1781 alimentorum
2501 1724 2781 1807 partem
2811 1710 3196 1808 accepisse.
3235 1714 3424 1804 Ergo
3457 1710 3702 1781 civitas
3735 1735 4037 1784 romana
4073 1736 4246 1808 pau-

1254 1827 1542 1923 peribus
1576 1828 1902 1923 ingenuis
1923 1828 2187 1899 victum
2216 1854 2350 1927 pro
2374 1830 2785 1900 necessitate
2811 1829 3304 1922 distribuebat,
3330 1829 3565 1901 donec
3590 1830 3743 1925 ejus
3769 1846 4001 1903 essent
4026 1834 4245 1904 aetatis

1254 1973 1412 2045 quae
1442 1949 1766 2020 laborem
1804 1949 1984 2021 ferre
2019 1965 2285 2047 posset.
2327 1949 2515 2023 Nihil
2552 1948 2749 2048 apud
2781 1951 3237 2043 recentioreS,
3277 1975 3370 2022 ne
3403 1950 3763 2023 hodierno
3798 1952 4089 2049 quidem
4126 1956 4243 2026 die

1256 2071 1451 2169 apud
1500 2097 1669 2161 noS,
1718 2095 2168 2168 quanquam,
2225 2071 2527 2170 publicae
2579 2071 3018 2145 liberalitatis
3064 2074 3541 2145 consecratrix
3591 2068 3862 2147 eadem‘
3891 2090 3961 2146 et
4008 2078 4236 2171 socia,

1255 2193 1693 2264 sanctissima
1726 2193 1971 2289 religio
2002 2193 2310 2265 maxima
2352 2192 2703 2265 beneficia
2745 2196 2818 2265 in
2861 2196 3052 2266 cives
3090 2216 3356 2290 egenos
3382 2196 3724 2287 contulit,
3764 2197 3894 2268 ista
3922 2211 4242 2268 veterum

1253 2311 1695 2384 institutione
1732 2312 1985 2383 melius
2011 2314 2491 2410 excogitatum
2526 2315 2736 2385 fuisse
2770 2314 2949 2384 mihi
2982 2312 3294 2385 videtur.

1350 2435 1402 2525 S
1443 2435 1558 2502 Vl.
1604 2432 1821 2520 Quod
1856 2432 1949 2503 ad
1977 2432 2435 2505 alimentariae
2471 2434 2936 2506 institutionis
2968 2434 3660 2507 administrationem
3693 2435 3947 2507 attinet
3969 2489 3986 2523 ,
4027 2459 4242 2507 nemo

1255 2551 1444 2649 apud
1487 2567 1754 2623 veteres
1779 2551 1871 2623 de
1908 2530 2435 2648 magistratibus
2470 2552 2929 2624 alimentariis
2960 2552 3358 2650 quidquam
3391 2554 3670 2651 scripsit
3698 2580 3713 2622 :
3745 2577 4005 2650 nempe
4047 2580 4246 2626 man-

1257 2668 1505 2741 datum
1550 2671 1632 2740 iis
1679 2684 1831 2740 erat
1881 2684 1958 2740 ut
2002 2672 2286 2743 Caesaris
2335 2672 2634 2743 nomine
2681 2697 2848 2743 cum
2892 2673 3183 2769 privatis
3225 2673 3787 2770 paciscerentur3
3839 2675 3985 2744 sive
4017 2697 4240 2770 quum

1258 2790 1570 2888 privatus
1606 2791 1872 2886 aliquid
1912 2791 2307 2863 institueret
2340 2791 2751 2881 liberaliter,
2785 2793 2931 2863 sive
2964 2792 3179 2863 etiam
3207 2818 3434 2888 quum
3468 2791 3560 2864 ad
3593 2816 3945 2890 pauperes
3981 2819 4245 2891 pueros

1255 2912 1365 2982 vel
1410 2914 1895 3011 ImperatoriS,
1962 2926 2038 2981 ut
2085 2912 2159 2982 in
2209 2913 2469 2983 nostris
2513 2912 2837 3003 Tabulis,
2893 2911 3005 2983 vel
3055 2912 3504 3010 municipalis
3553 2911 3920 2983 deveniret
3963 2914 4244 2985 munifi·

1255 3034 1486 3105 centia
1512 3034 1853 3129 (namque
1893 3046 1966 3105 et
1991 3057 2034 3103 a
2060 3033 2467 3129 municipiis
2507 3032 2918 3128 largitiones
2949 3056 3477 3129 nonnunquam
3507 3031 3859 3129 profectas
3887 3058 4037 3105 esse
4078 3036 4243 3106 satis

1255 3156 1760 3253 compertum).
1806 3159 1890 3225 At
1932 3154 2262 3252 quamvis
2295 3154 2551 3225 sileant
2582 3152 2674 3225 de
2708 3153 3289 3225 administrandis
3322 3152 3786 3226 alimentariis
3822 3156 4235 3254 scriptoreS,
4317 3146 4322 3151 ’

1255 3277 1494 3350 multae
1528 3291 1766 3348 tamen
1806 3276 2068 3347 adsunt
2102 3276 2601 3373 inscriptiones
2634 3299 2792 3370 quae
2825 3297 2978 3345 rem
3010 3275 3177 3345 satis
3210 3288 3447 3371 aperte
3482 3272 3870 3347 declarent.

1353 3402 1403 3489 S
1436 3402 1584 3467 Vll.
1630 3402 1898 3492 Nempe
1929 3396 2188 3469 diversi
2222 3396 2498 3489 generis
2530 3408 2734 3465 erant
2764 3394 2860 3464 illi
2895 3394 3364 3490 magistratus.
3408 3396 3763 3484 Primum,
3807 3396 3879 3466 in
3921 3421 4242 3494 unaqua-

1258 3543 1401 3613 que
1441 3518 1763 3607 civitate,
1803 3516 2310 3585 alimentorum
2350 3520 2749 3606 Quaestores
2792 3529 3031 3607 erant,
3086 3540 3300 3611 quem
3353 3517 3568 3587 etiam
3619 3519 4111 3612 magistratum
4157 3543 4240 3589 ex

1260 3638 1624 3708 nonnullis
1676 3637 1894 3708 titulis
1941 3629 2277 3708 novimus
2313 3635 2405 3706 ab
2448 3634 2703 3707 iisdem
2750 3651 3025 3732 gestum
3074 3637 3286 3707 fuisse
3320 3636 3584 3732 quibus
3633 3650 3703 3708 et
3746 3663 3922 3707 arca
3952 3637 4244 3733 publica

1258 3759 1365 3830 vel
1400 3762 1734 3832 aerarium
1768 3760 1842 3829 in
1877 3758 2287 3855 municipiis
2319 3771 2389 3827 et
2423 3758 2726 3828 coloniis
2772 3755 3275 3828 mandabatur.
3329 3757 3444 3828 Sic
3489 3757 3784 3827 Lucium
3825 3759 4238 3829 Cominium

1260 3881 1574 3950 Firmum
1620 3879 1829 3950 simul
1889 3902 2032 3949 una
2079 3901 2230 3948 esse
2269 3893 2311 3954 Q
2343 3912 2358 3925 ·
2393 3891 2525 3943 AER
2554 3916 2568 3930 ·
2609 3892 2692 3943 ET
2728 3912 2741 3925 ·
2776 3892 2936 3943 ALIM
2967 3876 3373 3966 videmus⁴3
3432 3881 3506 3947 L.
3549 3879 3924 3948 Casurium
3974 3880 4240 3975 Specu-

1258 3999 1556 4071 latorem
1604 3999 2051 4089 Amerinum,
2115 4012 2156 4074 Q
2197 4030 2211 4045 ·
2254 4010 2382 4062 ARC
2427 4030 2440 4043 ·
2485 4009 2612 4061 PVB
2656 4030 2669 4043 ·
2718 4010 2802 4061 ΕΤ
2846 4030 2860 4043 -
2903 4011 3027 4063 PEG
3071 4031 3084 4045 ·
3127 3999 3596 4087 AL1MENTAR⁶3
3672 4000 3749 4065 L.
3812 3998 4238 4093 Pompeium

1259 4115 1793 4185 Herennianum
1831 4113 2388 4185 Industriensem
2414 4167 2433 4203 ,
2475 4125 2516 4187 Q
2551 4146 2564 4160 ·
2598 4127 2730 4178 AER
2764 4148 2777 4161 ·
2813 4128 2851 4178 P
2885 4148 2899 4162 ·
2934 4129 3017 4180 ΕΤ
3055 4149 3068 4162 ·
3102 4129 3264 4181 ALIM
3289 4117 3334 4184 ⁶.
3386 4115 3604 4202 Quod
3638 4115 3931 4211 quidem
3978 4141 4242 4188 munus

1259 4255 1519 4327 magno
1568 4234 1639 4303 in
1692 4233 1971 4304 honore
2022 4232 2234 4302 fuisse
2283 4231 2592 4321 videtur,
2652 4257 2914 4330 quum,
2970 4235 3043 4303 in
3100 4233 3531 4332 quibusdam
3579 4235 4016 4322 civitatibuS,
4073 4239 4243 4309 viris

1258 4354 1554 4426 summis
1590 4353 2050 4450 dignitatibus
2083 4337 2475 4453 perfunctis
2524 4353 2616 4424 sit
2664 4347 3112 4424 attributum.
3155 4356 3270 4426 Sic
3297 4356 3580 4427 Valerio
3618 4361 4076 4427 Nomentano
4112 4359 4241 4451 qui

1344 4613 1394 4665 1.
1431 4607 1666 4684 Ulpian.
1698 4609 1830 4688 Dig.
1862 4613 2135 4682 XXXIV,
2164 4612 2223 4681 1,
2251 4611 2350 4667 1⁴.

1337 4714 1395 4767 2.
1427 4708 1473 4789 S
1495 4732 1599 4769 vu.

1340 4817 1394 4871 3.
1436 4817 1499 4873 Ρ.
1536 4816 1635 4888 29,
1668 4817 1724 4873 3.

1337 4919 1394 4970 4.
1427 4916 1663 4990 Gruter,
1699 4937 1759 4995 p.
1796 4919 1935 4987 394,
1969 4918 2028 4974 8.

1274 5072 1285 5088 ‚
1337 5019 1394 5072 5.
1436 5020 1634 5088 Grut.,
1660 5038 1719 5096 p.
1754 5020 1936 5092 1092,
1966 5020 2024 5077 7.
2057 5051 2135 5063 —
2159 5020 2245 5077 Cf.
2282 5020 2420 5089 386,
2455 5021 2513 5075 4.

1336 5121 1394 5177 o.
1433 5121 1714 5198 Masfeius,
1745 5125 1891 5182 Mus,
1928 5126 2169 5195 Veron„
2200 5123 2342 5182 230.
