5096 6425
2594 656 2985 725 ..28-

1310 821 1827 910 inscribuntur,
1899 824 2148 893 novies
2197 822 2347 917 jam
2409 821 2816 893 civitatibus
2865 819 3075 891 ltaliae
3122 820 3460 916 pecunias
3514 819 3605 890 ab
3661 822 4130 917 imperatore,
4197 820 4288 892 ab

1303 962 1497 1012 anno
1528 945 1676 1030 97⁶,
1712 941 2015 1013 donatas
2049 940 2260 1012 fuisse
2290 942 2679 1031 declarant,
2719 964 2954 1037 neque
2990 939 3155 1010 iude
3189 941 3505 1037 sequitur
3540 940 3671 1011 has
3705 938 4068 1011 Baebianos
4099 940 4290 1036 ipsos

1309 1063 1559 1134 novies
1605 1064 1983 1162 accepisse.
2018 1069 2334 1157 ,Annum
2384 1077 2625 1134 autem
2665 1066 2882 1135 lOl¹¹¹¹¹
2928 1062 3059 1134 fert
3102 1062 3468 1160 inscriptio
3516 1060 4035 1133 Baebianorum.
4096 1066 4288 1134 Duas

1300 1180 1517 1277 igitur
1575 1181 2005 1254 donationes
2027 1236 2046 1272 ,
2117 1207 2563 1279 unoquoque
2622 1206 2815 1253 anno
2870 1180 2968 1277 (si
3016 1180 3237 1252 modo
3289 1181 3497 1253 certis
3559 1179 4036 1278 temporibuS,
4091 1180 4286 1276 quod

1303 1302 1614 1371 maxime
1641 1299 1977 1392 dubium,
2019 1300 2276 1372 oblatae
2302 1302 2501 1396 sint),
2536 1300 2752 1372 factas
2782 1299 2992 1371 fuisse
3028 1325 3312 1371 necesse
3353 1315 3481 1371 est.
3515 1304 3688 1388 Quae
3721 1300 4011 1397 quidem
4047 1301 4289 1371 omnia

1304 1414 1638 1515 magnam
1671 1421 1989 1518 pecuniae
2012 1421 2155 1491 vim
2186 1421 2298 1491 his
2330 1419 2827 1515 largitionibus
2855 1419 3333 1518 absumptam,
3357 1421 3710 1517 egregiam
3737 1445 3824 1490 eo
3851 1433 4288 1517 spectantem

1304 1540 1740 1636 vigilantiam
1764 1597 1783 1632 ,
1827 1555 1901 1611 ut
1935 1566 2338 1640 pauperum
2375 1542 2666 1636 egestati
2700 1540 3139 1633 consulatur,
3178 1540 3628 1612 denuntiant.
3678 1546 3900 1637 Atque
3933 1541 4085 1612 baec
4117 1565 4288 1612 sane

1301 1657 1682 1731 liberalitas
1718 1686 1884 1731 cum
1920 1686 2162 1732 severa
2206 1661 2323 1733 illa
2355 1661 2799 1759 parcimonia
2840 1661 3104 1731 mirum
3157 1662 3230 1731 in
3276 1661 3577 1733 modum
3617 1662 4015 1750 consentit,
4069 1686 4285 1756 quam

1302 1779 1604 1850 Plinius¹
1650 1780 1861 1852 nobis
1911 1806 2136 1879 prope
2183 1795 2407 1853 totam
2451 1806 2617 1852 cum
2652 1780 2877 1853 multa
2914 1782 3257 1880 principis
3289 1781 3501 1854 laude
3543 1782 3870 1873 tradidit,
3910 1781 4034 1878 qui
4070 1806 4286 1877 quam

1300 1897 1487 1969 bene
1519 1899 1863 1995 providus
1908 1898 2114 1970 suerit
2145 1926 2230 1971 ex
2270 1901 2725 1972 alimentariis
2757 1899 3344 1997 inscriptionibus
3377 1916 3594 1999 patet.
3625 1994 3628 1997 Δ
4237 1990 4238 1993 ¹

1399 2021 1450 2111 §
1485 2022 1633 2089 XV.
1693 2022 1855 2091 Mox
1884 2021 1973 2091 de
2007 2020 2296 2093 duobus
2330 2023 2479 2093 istis
2515 2022 3002 2094 monumentis
3038 2047 3195 2118 quae
3228 2022 3319 2094 ad
3351 2046 3508 2093 eam
3543 2021 4093 2094 beneficentiam
4126 2022 4287 2091 atti-—

1302 2152 1500 2228 nent,
1532 2139 1731 2234 quod
1765 2140 2059 2235 quidem
2088 2156 2445 2213 assecutus
2473 2168 2636 2214 sum
2663 2167 3046 2239 exponam,
3081 2157 3296 2239 atque
3325 2143 3492 2214 inde
3521 2143 3699 2214 mihi
3727 2143 3862 2213 erit
3888 2142 3979 2213 ad
4013 2141 4287 2237 singula

1303 2258 1715 2329 recurrendi
1749 2262 2057 2332 occasio,
2097 2265 2275 2332 Sunt
2311 2278 2553 2334 autem
2589 2278 2660 2334 et
2691 2261 2827 2335 alia
2860 2276 3115 2360 praeter
3144 2262 3323 2334 duas
3338 2262 3642 2335 Tabulas
3675 2276 4143 2333 monumenta
4177 2259 4287 2331 vel

1301 2378 1706 2450 testimonia
1732 2379 2106 2476 vigilantiae
2126 2384 2627 2479 qua'l'rajanus
2660 2381 3179 2453 institutionem
3212 2405 3415 2453 suam
3449 2380 3818 2478 amplexus
3841 2377 3932 2448 ad
3969 2377 4040 2446 id
4067 2377 4287 2445 incre-

1301 2497 1522 2567 menti
1565 2499 1960 2595 perduxit’.
2012 2504 2340 2594 Nummi,
2387 2503 2682 2598 inquam
2707 2555 2725 2591 ,
2759 2501 2945 2572 bene
2978 2500 3186 2571 multi
3212 2513 3487 2571 exstant
3518 2499 3771 2595 quinto
3802 2497 3951 2592 ejus
3985 2511 4056 2566 et
4087 2507 4286 2565 sexto

1300 2617 1674 2689 consulatu
1708 2620 1855 2690 cusi
1889 2622 2013 2717 qui
2049 2622 2367 2719 praebent
2400 2621 2552 2693 haec
2581 2619 2929 2691 vocabula
2965 2635 3126 2686 ΛΜΗ
3161 2665 3176 2679 ·
3212 2634 3503 2688 1TAL1AE.
3546 2616 4041 2714 Anaglyphum
4074 2614 4286 2685 etiam

1305 2735 1672 2832 quoddam
1708 2764 1914 2811 arcus
1949 2741 2428 2813 Beneventani
2472 2739 2563 2811 ad
2602 2740 3107 2811 alimentorum
3147 2740 3668 2810 institutionem
3705 2736 4057 2834 pertinere
4096 2736 4287 2802 Hen-

1303 2856 1585 2927 zenius⁸
1622 2857 1921 2952 judicat,
1984 2861 2055 2931 in
2113 2887 2260 2959 quo
2304 2861 2645 2956 Trajanus
2694 2860 3130 2957 conspicitur
3183 2860 3273 2931 ad
3321 2884 3537 2957 quem
3588 2870 3895 2954 quatuor
3940 2852 4282 2925 accedunt

1305 2974 1637 3047 mulieres
1669 2981 1959 3052 coronis
1992 2982 2384 3055 muralibus
2419 2997 2687 3053 ornatae
2713 3008 2881 3053 cum
2909 2981 3228 3080 puerulis
3252 2981 3561 3078 virisque
3596 2975 3931 3077 puerulos
3970 2973 4288 3043 humeris

1303 3096 1784 3191 gestantibus3
1821 3101 2083 3197 quibus
2120 3102 2506 3175 mulierum
2542 3102 2785 3199 liguris
2816 3102 3206 3199 municipia
3236 3100 3450 3173 ltaliae
3484 3096 4006 3171 adsimulantur
4039 3105 4106 3163 et
4142 3092 4286 3187 ipse

1306 3238 1511 3286 arcus
1545 3216 1636 3288 ad
1668 3218 1861 3291 Trih.
1900 3236 2051 3317 pot.
2091 3240 2257 3291 xvlll
2293 3236 2590 3321 spectat.

2476 3485 2844 3574 CAPUT
2938 3487 3108 3574 111.

1413 3706 1735 3754 lasttwno
1777 3705 2170 3753 ALmBNTARIA
2213 3711 2285 3755 AB
2323 3712 2582 3760 TRAJANO
2624 3712 2998 3761 mennon
3039 3713 3228 3769 USOUB
3271 3711 3348 3759 AD
3387 3712 3662 3766 omnum
3706 3714 3755 3757 P.
3807 3714 3861 3760 C.
3909 3715 4175 3758 AE‘rnssnt.

1398 3881 1450 3971 S
1484 3881 1534 3947 1.
1568 3882 1876 3949 Tantum
1910 3876 2157 3952 aberat
2184 3881 2591 3956 Hadrianus
2617 3902 2692 3958 ut
2715 3885 3174 3958 alimentariae
3205 3883 3634 3956 institutioni
3654 3882 4048 3980 quidquam
4070 3882 4290 3954 detri-

1303 3998 1537 4069 menti*
1559 3995 1873 4088 afferret,
1916 4012 1990 4068 ut
2026 4000 2238 4071 etiam
2274 4003 2401 4096 illi,
2435 4006 2750 4078 extincto
2781 4008 3108 4103 Trajano,
3149 4008 3297 4104 ipse
3325 4005 3843 4077 incrementum
3878 4003 4209 4099 adjecerit
4233 4007 4277 4072 ⁸.

1382 4242 1440 4295 1.
1474 4236 1681 4315 Epist„
1714 4236 1755 4294 l.
1781 4233 1859 4296 X.

1381 4343 1441 4402 Ξ.
1473 4340 1605 4398 vid.
1627 4341 1892 4413 Gruter„
1918 4361 1979 4419 p.
1999 4344 2178 4417 1084,
2198 4349 2230 4401 Ἰ
2249 4367 2266 4416 ;
2286 4377 2366 4389 —
2386 4347 2462 4406 cs.
2491 4350 2863 4423 Muratorius,
2895 4370 2955 4428 p.
2976 4352 3117 4423 230,
3142 4354 3178 4408 ὅ
3198 4347 3690 4423 3—Rubennius‚
3721 4367 3779 4425 p.
3801 4346 3912 4415 883
3935 4376 3998 4386 -
4032 4343 4289 4412 Pauflt‘r,

1301 4463 1359 4534 p.
1394 4445 1468 4515 9;
1500 4477 1582 4487 —
1611 4448 1737 4502 Hoc
1777 4463 2036 4503 marmor
2070 4459 2262 4506 autem
2309 4452 2658 4511 Muratorius
2698 4453 2855 4532 apud
2892 4453 3161 4527 Gorium,
3198 4476 3257 4534 p.
3303 4457 3403 4528 16,
3441 4454 3619 4512 refert
3655 4451 3728 4510 ad
3771 4469 3984 4508 annum
4028 4452 4178 4518 102;
4207 4481 4284 4492 —

1299 4546 1467 4605 aliam
1502 4559 1695 4605 autem
1725 4549 2075 4608 Muratorius
2098 4553 2315 4630 praebet
2338 4553 2769 4635 inscriptionem
2796 4557 2933 4615 anni
2964 4559 3105 4629 103,
3135 4556 3227 4616 vel
3258 4560 3398 4615 104.
3426 4555 3775 4624 Thesaurus,
3807 4573 3865 4630 p.
3898 4555 4110 4609 2:30-3.

1384 4656 1441 4710 3.
1478 4655 1765 4723 nemen„
1795 4651 1842 4732 S
1863 4675 1932 4714 11.
2964 4727 2969 4732 ,

1380 4758 1445 4815 4.
1479 4779 1504 4805 ι
1535 4752 1864 4812 Hadrianus
1891 4756 2085 4833 pueris
2125 4777 2193 4817 ac
2219 4759 2427 4836 puellis
2465 4760 2678 4838 quibus
2707 4762 2879 4821 etiam
2906 4762 3184 4836 Trajanus
3210 4760 3483 4820 alimenta
3508 4757 3828 4825 detulerat,
3866 4757 4281 4814 incrementum

1260 4915 1263 4918 ,
1298 4854 1654 4914 liberalitatis
1680 4855 1910 4930 adjecit.
1941 4883 1967 4909 ιο
1999 4860 2318 4938 ὃρειτιίειῃ.,
2352 4881 2404 4922 c.
2453 4884 2560 4921 vn.
2592 4897 2674 4908 -
2707 4891 2733 4917 ι
2901 4883 2976 4922 ne
3009 4861 3289 4922 accrebbe
3325 4862 3365 4920 il
3395 4881 3673 4935 numere,
3714 4881 3751 4919 o
3778 4879 3922 4938 pure
3950 4863 3966 4930 (
3991 4878 4155 4916 come
4185 4858 4282 4935 piis

1297 4958 1578 5019 conviene
1623 4958 1677 5018 al
1719 4979 1891 5020 senso
1921 4959 2073 5020 delle
2101 4963 2333 5041 parole)
2360 4983 2434 5022 ne
2463 4961 2740 5024 aumento
2766 4964 3002 5025 l’annua
3035 4964 3414 5044 pensionem..
3444 4988 3469 5017 ι
3504 4962 3854 5024 Muratorius
3887 4960 3960 5019 ad
3999 4960 4240 5019 Gorium
4263 5005 4279 5026 ‚

1301 5081 1359 5139 p.
1399 5063 1496 5119 18.
1539 5087 1562 5112 κ
1719 5060 1962 5146 assegno
1990 5064 2118 5128 loro
2148 5053 2396 5143 qualche
2425 5065 2666 5143 danao,
2702 5086 2741 5127 o
2767 5067 3014 5128 sussidio
3045 5068 3104 5127 di
3131 5069 3336 5147 pium.
3364 5094 3390 5120 ι
3417 5070 3537 5139 Id„
3564 5087 3625 5146 p.
3660 5069 3757 5126 36.
