5096 6425
2068 805 2477 877 ...45-

782 976 1037 1047 Veleiae
1097 988 1168 1044 et
1226 974 1299 1043 in
1364 973 1650 1045 Basilica
1704 983 2018 1069 repertas
2079 970 2231 1067 ipse
2278 993 2412 1065 ego
2452 967 2602 1040 vidi
2651 969 2722 1037 in
2779 970 3024 1039 Museo
3071 969 3400 1039 Farnesio
3464 967 3771 1066 effigiem

784 1095 1185 1193 Agrippinae
1215 1094 1527 1190 majoriS‚
1566 1093 1965 1191 Agrippinae
1997 1091 2324 1182 minoris,
2353 1090 2656 1161 Neronis
2680 1087 2993 1179 infantis,
3017 1089 3426 1160 Germanici
3457 1113 3541 1161 ac
3564 1094 3774 1162 Faus-

780 1216 944 1288 tinae
979 1213 1399 1312 praebentes.
1436 1217 1611 1299 Quae
1641 1211 1935 1309 quidem
1982 1211 2224 1281 omnia
2264 1207 2627 1281 coloniam
2661 1206 2763 1279 ibi
2794 1208 3139 1280 exstitisse
3182 1209 3498 1282 indicant
3546 1212 3771 1308 magis

779 1359 998 1433 quam
1051 1347 1250 1404 certo
1304 1331 1830 1404 demonstrant.
1888 1334 2133 1417 Quum
2184 1343 2424 1400 autem
2488 1330 2724 1427 ipsum
2780 1329 3084 1400 coloniae
3140 1328 3576 1402 vocabulum
3634 1357 3770 1403 nec

779 1455 968 1554 apud
1018 1455 1401 1551 scriptores
1449 1477 1583 1524 nec
1628 1452 1699 1523 in
1749 1450 2236 1523 monumentis
2279 1448 2577 1523 diversis
2623 1473 3036 1548 expressum
3093 1449 3585 1541 sit,‘Veleiam
3636 1476 3768 1549 pro

779 1574 1066 1647 colonia
1101 1572 1370 1644 habere
1402 1571 1740 1669 equidem
1779 1595 1927 1641 non
1964 1570 2222 1640 ausim.

880 1696 932 1787 S
971 1696 1089 1763 IV.
1130 1696 1523 1763 Puteum-ut
1551 1745 1570 1781 ,
1609 1690 1699 1763 ad
1737 1690 1995 1762 urbem
2030 1686 2386 1760 hodierno
2417 1686 2534 1758 die
2564 1691 2916 1760 Piacenza
2950 1688 3214 1762 dictam
3247 1688 3374 1761 sita
3399 1744 3417 1779 ,
3453 1690 3768 1787 primum

782 1812 1069 1885 colonia
1108 1814 1462 1901 Romana,
1505 1824 1754 1906 postea
1789 1806 2262 1904 municipium
2302 1806 2589 1878 fuerat¹.

877 1931 929 2022 5
963 1932 1050 1998 V.
1095 1933 1345 1999 Pium
1372 1927 1659 1999 colonia
1702 1930 1924 2017 erat²3
1976 1931 2170 1998 Luca
2201 1940 2443 1997 autem
2475 1929 2766 2000 colonia
2798 1942 2870 1999 et
2905 1929 3381 2025 municipium
3402 1931 3448 1999 ³.

879 2052 930 2143 ἓ
966 2052 1086 2119 Vl.
1126 2053 1451 2120 meffi
1482 2062 1726 2121 autem
1757 2048 2081 2120 conditio
2115 2073 2272 2144 quae
2301 2047 2510 2119 suerit
2546 2049 2900 2121 incertum
2926 2064 3057 2121 est.
3100 2053 3253 2118 Hoc
3278 2048 3656 2146 oppidum,
3696 2064 3775 2121 ut

782 2169 1233 2241 doctissimus
1265 2167 1851 2239 Walckenaerius
1884 2166 2268 2239 arbitratui·
2285 2169 2330 2257 ⁴,
2371 2167 2466 2241 ad
2495 2167 2740 2239 locum
2782 2169 3057 2240 dictum
3089 2167 3309 2239 hodie
3345 2173 3765 2271 Lavezzarm

784 2290 1021 2361 minus
1051 2289 1433 2361 distantem
1468 2313 1507 2361 a
1541 2288 1706 2359 loco
1741 2287 1935 2359 dicto
1973 2289 2292 2376 Dec-imO,
2333 2289 2545 2359 situm
2579 2304 2757 2361 erat.

879 2410 931 2501 S
964 2411 1116 2477 Vll.
1170 2411 1345 2493 Quae
1391 2420 1632 2478 autem
1666 2420 1818 2480 erat
1863 2403 1982 2477 illa
2022 2420 2216 2477 sexta
2257 2406 2513 2478 civitas*
2539 2390 2844 2496 Ani-mia,
2881 2406 3177 2478 nomine
3217 2423 3498 2479 tantum
3545 2409 3615 2480 in
3659 2414 3771 2480 ln-

781 2528 1164 2625 scriptione
1215 2526 1624 2622 designata?
1694 2532 1773 2599 In
1826 2526 2082 2597 eodem
2117 2526 2595 2598 &Valckenarii
2653 2551 2872 2628 opere
2887 2530 2935 2620 ⁸,
2965 2528 3335 2625 ‘scriptura
3383 2530 3769 2628 geographi

781 2645 1088 2743 Scylacis
1140 2647 1506 2733 restituta,
1537 2647 1657 2716 sic
1705 2645 2006 2741 legimus
2042 2673 2057 2715 ε
2102 2674 2136 2710 κ
2332 2645 2552 2747 Apres
2587 2647 2653 2717 le
2687 2648 2916 2718 sseuve
2959 2647 3245 2737 Pullone,
3298 2662 3463 2720 sont
3511 2673 3773 2721 encore

788 2802 821 2835 α
847 2771 948 2841 les
984 2767 1271 2862 Ligures
1296 2765 1586 2863 jusqu’a
1622 2767 1951 2854 Antium3
1989 2766 2168 2837 dans
2200 2781 2384 2837 cette
2418 2766 2666 2863 region
2702 2783 2808 2839 est
2834 2769 2906 2840 la
2932 2768 3098 2839 ville
3129 2793 3437 2866 grecque
3468 2768 3561 2840 de
3588 2773 3772 2842 Mas-

788 2924 821 2958 «
849 2892 1059 2976 salia3
1096 2888 1199 2958 les
1230 2885 1551 2959 colonies
1585 2885 1675 2957 de
1711 2886 2028 2958 Massalia
2061 2901 2226 2957 sont
2237 2940 3764 2963 ........................

787 3040 822 3076 ιε
1002 3013 1098 3079 La
1129 3006 1568 3103 navigation,
1599 3004 1698 3076 du
1728 3005 1977 3077 Rhone
2008 3004 2047 3075 a
2078 3007 2398 3097 Antium,
2438 3021 2542 3078 est
2574 3008 2665 3078 de
2694 3023 2944 3104 quatre
2981 3011 3196 3081 nuits.
3239 3008 3457 3109 Apres
3482 3014 3770 3083 Antium

789 3158 823 3193 α
850 3142 955 3199 est
995 3127 1059 3198 la
1104 3126 1350 3196 nation
1391 3123 1518 3195 des
1565 3122 2041 3221 Tyrrheniens
2074 3123 2288 3221 jusqu
2319 3124 2361 3194 a
2399 3125 2470 3197 la
2503 3126 2667 3197 ville
2702 3125 2793 3198 de
2830 3132 3092 3219 Rome,
3133 3141 3204 3199 et
3245 3129 3315 3199 la
3358 3129 3767 3225 navigation

787 3278 820 3312 t(
845 3246 1211 3318 d’Antium
1236 3242 1521 3340 jusqu’a
1556 3240 1622 3313 la
1646 3243 1808 3314 ville
1842 3244 1932 3316 de
1958 3248 2177 3315 Rome
2207 3259 2313 3315 est
2343 3242 2435 3315 de
2467 3260 2717 3342 quatre
2744 3246 2948 3342 jours
2970 3261 3042 3318 et
3060 3247 3152 3317 de
3171 3261 3424 3344 quatre
3454 3249 3704 3319 nuits⁸.
3730 3281 3763 3314 »

877 3366 1245 3438 Cluverius
1303 3364 1467 3459 legit
1512 3388 1660 3435 non
1718 3369 1996 3436 ANTmM
2042 3365 2167 3436 sed
2217 3371 2472 3438 Aluum
2496 3395 2516 3457 3
2572 3366 3155 3438 Walckenaerius
3200 3380 3439 3438 autem
3493 3371 3770 3440 Annum

776 3486 1107 3559 eamdem
1141 3509 1292 3556 esse
1325 3485 1682 3556 civitatem
1720 3497 1936 3580 atque
1964 3488 2290 3555 Genuam
2324 3510 2411 3556 ex
2454 3486 2804 3556 mensuris
2841 3483 3152 3582 Scylacis
3193 3486 3468 3582 putavit
3491 3542 3509 3577 ‚
3548 3510 3770 3584 quam

779 3605 1076 3704 quidem
1110 3605 1535 3675 sententiam
1571 3600 2027 3694 confirmare,
2060 3604 2133 3673 ni
2172 3604 2402 3697 fallor,
2439 3603 2866 3676 Veleiatium
2898 3606 3268 3703 inscriptio
3292 3606 3599 3678 videtur.

876 3732 928 3821 5
964 3731 1145 3797 Vlll.
1186 3726 1382 3796 Sicut
1414 3738 1485 3795 et
1530 3738 1779 3795 ceterae
1811 3747 2128 3794 romanae
2159 3725 2516 3818 civitate5‚
2560 3725 2655 3796 ita
2686 3725 2758 3796 in
2795 3750 3018 3824 pagos
3055 3727 3472 3798 Veleiatium
3506 3742 3576 3800 et
3613 3729 3767 3800 Pla-

777 3848 1270 3935 centinorum,
1312 3845 1464 3943 jam
1513 3859 1584 3916 et
1633 3843 2123 3915 Parmensium
2167 3844 2483 3916 civitates
2534 3844 3068 3918 dividebantur.
3121 3847 3440 3918 Arbitror
3472 3849 3765 3944 quidem

776 3973 1146 4041 LIBARNAM
1168 4022 1186 4056 ,
1224 3971 1478 4038 anffl
1513 3978 1582 4036 et
1624 3969 1901 4036 Antrum
1932 3963 2250 4035 civitates
2284 3988 2433 4034 non
2471 3989 2694 4062 pagos
2728 3966 3041 4061 integros
3077 3966 3149 4035 in
3186 3966 3475 4060 regione
3511 3965 3765 4038 Veleiae

779 4105 850 4162 et
888 4089 1256 4161 Placentiae
1288 4085 1661 4177 habuisse,
1709 4084 1835 4158 sed
1870 4100 2153 4158 tantum
2186 4085 2450 4157 fundos
2481 4084 2870 4158 nonnullos
2903 4085 2976 4157 in
3011 4085 3209 4184 pagis
3252 4085 3462 4157 trium
3499 4087 3766 4159 vicina-

860 4395 885 4447 ¹
902 4434 915 4448 .
947 4390 1115 4449 Cluv.
1143 4390 1271 4450 Ital.
1298 4389 1559 4467 antiqua,
1584 4408 1646 4467 p.
1669 4385 1811 4459 267,
1841 4385 1935 4445 ed.
1964 4385 2163 4446 Elzev.
2195 4383 2359 4442 in-sv.
2383 4406 2399 4456 3
2424 4416 2503 4428 —
2522 4381 2918 4440 Dictionnaire
2945 4377 3019 4436 de
3044 4376 3396 4457 geographie
3426 4373 3498 4433 de
3531 4379 3766 4433 Lamar·

775 4493 1003 4551 tiniere.

853 4599 913 4654 2.
951 4596 1116 4655 Cluv.
1153 4597 1263 4666 id„
1301 4614 1362 4671 p.
1395 4595 1538 4665 273,
1569 4591 1712 4653 ibid.
1735 4591 1987 4650 ——Dict.
2020 4591 2095 4650 de
2123 4586 2563 4648 Lamartiniere.

855 4701 910 4757 3.
946 4697 1113 4756 Cluv.
1142 4699 1254 4770 id„
1284 4717 1342 4773 p.
1378 4699 1519 4766 506,
1552 4694 1691 4755 ibid.
1723 4724 1805 4737 —
1825 4693 1975 4752 Dict.
2010 4692 2082 4751 de
2111 4691 2550 4750 Lamartiniere.

851 4803 909 4857 4.
943 4798 1344 4868 Walckenaer‚
1373 4795 1740 4876 Geographie
1768 4795 2073 4872 comparee
2102 4793 2204 4852 des
2232 4793 2385 4850 deux
2409 4789 2657 4865 Gaules,
2689 4800 2731 4849 t.
2765 4793 2844 4860 ΙΙ,
2867 4799 3017 4868 part.
3051 4791 3130 4862 11,
3157 4787 3250 4845 ch.
3285 4808 3369 4862 ιν,
3405 4808 3465 4865 p.
3495 4790 3643 4857 109;
3680 4818 3758 4830 —

771 4897 857 4958 Cf.
891 4898 1060 4956 Plinii
1086 4898 1231 4956 nist.
1264 4902 1423 4969 Nat.‚
1450 4901 1557 4970 111,
1589 4902 1648 4967 7,
1679 4910 1722 4958 t.
1755 4901 1834 4967 11,
1873 4918 1934 4974 p.
1966 4901 2066 4968 75,
2097 4896 2236 4955 edit.
2259 4894 2448 4953 Nicol.
2472 4894 2563 4952 El.
2593 4893 2881 4954 Lemaire.

852 5006 905 5061 5,
938 5003 1163 5079 Geogr.
1195 5001 1503 5079 comparee
1532 4999 1634 5059 des
1646 4997 1807 5072 deux
1835 4999 2072 5071 Gaules,
2105 4999 2145 5057 1.
2178 5002 2228 5068 1,
2260 5010 2409 5077 part.
2443 5001 2494 5071 1,
2524 4996 2620 5057 ch.
2651 5018 2720 5071 11,
2743 5015 2803 5073 p.
2841 4997 2917 5053 32
2946 5008 3004 5054 et
3032 4995 3182 5055 suiv.

851 5109 909 5162 6.
946 5104 1033 5163 Cf.
1066 5102 1319 5180 Scylacis
1349 5101 1650 5181 Periplus;
1685 5099 1968 5161 Gronovii
1996 5099 2367 5180 Geographia
2404 5099 2669 5176 antiqua,
2704 5118 2763 5176 p.
2799 5100 2833 5155 3
2862 5110 2921 5155 et
2948 5101 3006 5156 4.
3052 5100 3260 5169 Lerde,
3304 5098 3491 5166 1700,
3534 5097 3594 5151 2·
3618 5094 3759 5154 edit.

770 5207 1073 5268 Gronovii.
