5096 6425
2586 689 2981 761 ...40-

1388 857 1440 949 S
1472 858 1654 927 Vlll.
1692 860 1769 926 ln
1805 854 2085 927 decima
2117 855 2321 926 tertia
2357 854 2735 953 pactione,
2779 852 3293 951 obligationem
3342 854 3737 926 fundorum
3775 859 3871 927 M.
3914 859 4278 931 Mommeii

1293 975 1587 1069 Persici,
1647 1001 1807 1100 quae
1849 976 2144 1074 quidem
2193 977 2433 1073 magni
2471 975 2824 1047 momenti
2865 990 3057 1069 erat,
3097 998 3141 1047 a
3178 974 3515 1047 Cornelio
3555 975 3976 1048 Gallicano¹
4017 976 4277 1052 factam

1292 1094 1503 1168 fuisse
1535 1066 1887 1190 videmuS‚
1922 1098 2072 1195 qui,
2103 1113 2181 1169 ut
2210 1097 2526 1170 ostendit
2565 1096 2995 1196 Burghesius
3024 1111 3237 1194 atque
3264 1097 3417 1195 Jam
3453 1097 3605 1196 ipse
3641 1100 4271 1189 commemoravi²‚

1294 1216 1665 1288 Praefectus
1695 1217 2210 1290 Alimentorum
2242 1232 2419 1309 erat,
2458 1241 2546 1288 eo
2576 1217 2844 1289 scilicet
2877 1214 3306 1311 fungebatur
3337 1239 3640 1287 munere
3665 1216 3893 1313 quod,
3935 1232 4276 1314 regnante

1286 1337 1617 1433 Trajano,
1657 1337 1747 1409 ad
1780 1339 2210 1410 clarissimos
2243 1340 2436 1410 viros
2475 1338 2908 1436 pertineret,
2947 1336 3296 1436 quodque
3330 1351 3743 1409 curatorum
3780 1338 3995 1409 etiam
4032 1337 4274 1411 officio

1286 1472 1866 1558 anteponeretur.
1938 1465 2013 1530 ln
2056 1458 2326 1531 Tabula
2371 1458 2799 1532 Veleiatium
2844 1457 3113 1530 horum
3164 1458 3721 1531 clarissimorum
3758 1457 4079 1530 virorum
4129 1484 4275 1532 no-

1287 1577 1480 1648 mina
1525 1593 1677 1650 tum
1709 1577 2006 1650 demum
2043 1577 2220 1650 mihi
2253 1579 2599 1676 inscripta
2637 1578 2848 1651 fuisse
2886 1576 3248 1669 videntur,
3300 1603 3528 1677 quum
3577 1578 3670 1651 de
3711 1579 4038 1651 maximis
4083 1578 4274 1652 obli-

1283 1698 1689 1795 gationibus
1727 1714 2080 1795 ageretur.
2130 1698 2235 1770 lbi
2273 1699 2466 1771 enim
2502 1699 2735 1795 agitur
2763 1697 2854 1770 de
2888 1696 3129 1770 fundis
3158 1699 3283 1797 qui
3321 1698 3734 1771 summatim
3778 1715 3854 1767 us
3890 1702 3920 1770 l
3962 1702 4102 1775 180
4123 1702 4270 1777 600

1283 1820 1722 1891 aestimantur
1752 1835 1824 1892 et
1858 1844 1993 1917 pro
2043 1836 2120 1887 Rs
2159 1821 2256 1893 94
2275 1821 2419 1893 765
2452 1817 2892 1916 obligantur.

1381 1942 1584 2033 §1X.
1646 1943 1725 2009 ln
1778 1953 2031 2037 quarta
2078 1940 2358 2013 decima
2414 1940 2824 2039 pactione,
2871 1937 3114 2011 Albius
3145 1937 3519 2011 Secundus
3558 1936 3861 2009 fundum
3907 1937 4268 2011 Julianum

1282 2085 1448 2133 cum
1492 2060 1769 2159 figlmis
1801 2060 2096 2158 obligat.
2141 2065 2355 2134 Terra
2411 2074 2658 2133 autem
2713 2058 2814 2131 sic
2871 2056 3292 2150 vocabatur,
3348 2057 3419 2128 in
3456 2070 3700 2130 nostra
3730 2054 4023 2201 Tabula,
4073 2059 4268 2132 unde

1278 2174 1522 2273 figlina
1564 2180 1892 2251 materies
1924 2177 2366 2250 sumebatur.

1376 2301 1427 2392 S
1459 2304 1547 2370 X.
1595 2301 1674 2371 In
1726 2315 1920 2372 sexta
1966 2300 2247 2372 decima
2287 2299 2679 2398 pactione
2679 2350 2702 2389 ,
2750 2320 2916 2370 cum
2965 2299 3048 2369 C.
3095 2293 3317 2367 Coelio
3353 2298 3538 2366 Vero
3588 2293 3805 2385 facta,
3849 2295 4263 2367 Cornelium

1277 2419 1721 2495 Gallicanum
1760 2421 2391 2519 Pomponiumque
2418 2424 2712 2492 Bassum
2746 2417 3076 2490 videmus
3101 2415 3253 2513 jam
3287 2416 3487 2515 prius
3524 2414 3841 2513 ejusdem
3872 2416 4075 2487 Coelii
4102 2419 4263 2489 Veri

1277 2538 1538 2611 fundos
1572 2540 2105 2639 oppignerasse.

1373 2661 1423 2751 §
1458 2663 1578 2730 XI.
1620 2659 1935 2757 Septima
1972 2671 2041 2732 et
2080 2659 2356 2732 decima
2390 2660 2631 2757 pactio
2663 2661 2688 2699 ⁸
2718 2682 2887 2730 cum
2927 2661 3008 2729 L.
3046 2656 3281 2728 Annio
3312 2654 3575 2727 Rufino
3611 2654 3797 2728 facta
3836 2671 3940 2727 est
3979 2681 4017 2727 a
4052 2662 4262 2730 Pom-

1278 2780 1500 2876 ponio
1539 2783 1778 2871 Bas30‚
1826 2780 1989 2878 qui,
2030 2782 2429 2879 imperante
2455 2778 2785 2877 TrajanO,
2825 2792 2905 2850 ut
2936 2776 3311 2851 Cornelius
3345 2776 3781 2868 Gallicanus,
3820 2776 4258 2852 Alimentarii

1277 2898 1588 2971 Praefecti
1645 2924 1908 2971 munus
1972 2899 2288 2998 gerebat.
2361 2898 2580 2986 Quod
2634 2898 2932 2995 quidem
2991 2897 3340 2994 majorem
3406 2898 3586 2970 mihi
3647 2898 3986 2973 fiduciam
4059 2902 4259 2975 addit

1273 3019 1599 3117 opinanti
1633 3045 1673 3091 a
1709 3019 2058 3118 praefeotis
2106 3019 2399 3091 maximi
2442 3019 2798 3091 momenti
2836 3017 3309 3114 obligationes
3351 3016 3506 3091 fieri
3547 3018 3820 3110 solere;
3860 3018 3958 3091 ibi
3991 3024 4256 3096 etenim

1275 3142 1349 3209 L.
1406 3141 1675 3214 Annius
1724 3140 2024 3214 Rufinus
2066 3159 2143 3210 ns
2195 3149 2221 3216 t
2263 3143 2577 3218 014090
2608 3139 2915 3214 fundum
2962 3164 3174 3214 suum
3220 3138 3632 3239 profitetur,
3679 3140 3829 3239 jam
3880 3159 3957 3212 ns
3993 3145 4085 3218 83
4110 3143 4254 3220 950

1273 3259 1690 3357 obligatum.

1369 3383 1447 3451 ln
1473 3380 1724 3452 eadem
1759 3383 2126 3480 pactione·
2154 3381 2289 3453 ista
2322 3380 2659 3478 leguntur
2688 3408 2704 3453 ε
2733 3395 2898 3450 rm!
2931 3416 2946 3432 ·
2981 3396 3245 3449 SALTVH
3277 3416 3293 3432 ·
3326 3396 3480 3451 stvr.
3512 3417 3526 3431 ·
3561 3397 3821 3454 FVNDOS
3854 3421 3869 3436 ·
3903 3403 4172 3456 AVEGAH
4205 3424 4220 3438 ·

1272 3514 1559 3567 vncclvu
1592 3535 1606 3551 ·
1642 3516 1944 3571 DEBELIS.
2004 3499 2456 3573 Vocabulum
2511 3516 2751 3573 autem
2803 3499 3064 3574 debetis
3116 3518 3189 3575 et
3242 3504 3318 3575 in
3369 3505 3739 3577 nonnullis
3797 3507 4252 3604 pactionibus

1266 3619 1551 3692 Tabulae
1572 3620 1816 3693 videre
1839 3636 1944 3694 est
1965 3677 1984 3714 ,
2012 3637 2085 3694 et
2117 3621 2236 3694 alii
2268 3623 2410 3694 alio
2450 3621 2676 3694 modo
2711 3623 3297 3722 interpretantur.
3336 3627 3452 3698 Sic
3499 3626 3958 3702 Forcellinius
3990 3656 4008 3701 ε
4041 3643 4083 3696 ἀ
4118 3634 4252 3704 De-

1266 3737 1496 3827 belus,
1536 3740 1585 3832 i,
1622 3765 1719 3811 m.
1762 3739 1965 3813 locus
2000 3741 2364 3841 pascendo
2397 3767 2550 3814 non
2585 3757 2823 3842 aptus,
2865 3769 3016 3816 non
3058 3743 3435 3843 pecoralis,
3480 3770 3524 3819 a
3564 3745 3651 3817 de
3694 3751 4088 3848 praeposit„
4124 3776 4249 3825 seu

1268 3858 1614 3956 particula
1653 3860 2026 3957 privativa,
2080 3875 2153 3934 et
2190 3860 2374 3955 bela,
2437 3887 2634 3955 oves,
2685 3877 2766 3936 ut
2810 3862 3055 3936 dixere
3096 3879 3370 3937 veteres
3414 3867 3672 3957 Latini,
3713 3882 3888 3941 teste
3924 3874 4249 3946 Varrone

1267 3974 1487 4071 (Tab.
1543 3978 1738 4049 alim.
1788 3978 1929 4051 col.
1968 3983 2043 4075 3,
2083 3981 2135 4054 l.
2177 3982 2270 4073 33
2312 4024 2409 4038 —
2441 3981 2584 4054 col.
2627 3985 2721 4076 4,
2778 3982 2831 4055 l.
2876 3985 3012 4074 393
3048 4025 3149 4040 --
3179 3982 3321 4056 col.
3370 3989 3445 4075 7,
3483 3985 3534 4058 l.
3574 3988 3743 4084 37).
3773 4017 3810 4056 »s
3874 3993 4025 4086 Ego
4072 4017 4246 4066 vero

1265 4098 1684 4195 opinionem
1733 4101 2017 4172 comitis
2065 4101 2486 4200 Hieronymi
2535 4102 2855 4200 Asquinii
2900 4104 3126 4202 magis
3174 4103 3454 4205 prob0‚
3504 4108 3632 4204 qui
3670 4107 3842 4180 huic
3894 4111 4245 4186 vocabulo

1265 4216 1615 4311 originem
1682 4217 2025 4290 Celticam
2089 4220 2203 4292 vel
2270 4222 2731 4319 Ligurensem
2798 4221 3123 4320 adsignat
3189 4237 3262 4298 et
3321 4222 3581 4297 debelar
3646 4251 3895 4323 agrurn
3963 4248 4245 4331 septum

1261 4358 1412 4407 esse
1455 4350 1681 4435 putat.
1728 4338 2069 4411 Nonnulli
2112 4355 2367 4415 contra
2414 4342 2977 4442 interpretantur
3018 4370 3034 4414 ε
3076 4341 3357 4416 ὒεόεἰιζς
3402 4342 3751 4418 incultum
3795 4347 4033 4421 solum
4061 4377 4237 4426 esse.

1343 4599 1399 4654 1.
1431 4598 1554 4659 Col.
1588 4599 1736 4669 11‚l.
1771 4600 1871 4658 37.

1338 4701 1397 4757 2.
1429 4699 1575 4759 Vide
1596 4720 1773 4776 supra
1794 4723 1814 4757 .·
1837 4721 1972 4780 pars
1995 4705 2098 4774 11⁸,
2121 4722 2252 4785 cap.
2284 4723 2356 4781 n,
2384 4702 2433 4787 s
2450 4725 2512 4766 x.

1341 4805 1399 4862 a.
1432 4803 1557 4864 Col.
1589 4806 1669 4876 11,
1698 4801 1742 4862 ι.
1774 4805 1873 4862 89.

1339 4904 1399 4965 4.
1432 4903 1558 4966 eol.
1592 4908 1714 4980 111,
1743 4902 1786 4963 ι.
1820 4907 1919 4963 1¹.

1340 5011 1397 5066 5.
1429 5006 1556 5069 Col.
1586 5009 1694 5079 111,
1720 5004 1763 5063 l.
1794 5009 1893 5066 53.

1337 5109 1396 5168 o.
1432 5106 1557 5166 (τοι.
1595 5106 1783 5182 m,1.
1821 5108 1919 5167 72.
