5096 6425
2065 735 2456 811 ..33-

773 901 1260 993 eleemosynas
1304 899 1790 973 commendat.
1854 903 2303 996 paganorum
2348 922 2698 1000 pauperes
2745 899 2960 971 simili
3008 923 3180 973 cura
3228 924 3526 973 ac--suos
3557 902 3758 974 alunt

774 1017 1092 1108 Galiiaei3
1170 1018 1594 1091 erubescant
1671 1017 1974 1090 deorum
2046 1018 2421 1117 pontifices
2487 1047 2503 1091 ε
2573 1047 2609 1088 ι(
2652 1074 2669 1090 .
2698 1074 2715 1091 .
2744 1074 2760 1091 .
2788 1074 2805 1091 .
2845 1024 3104 1118 Αἰσχρὸν
3164 1022 3281 1120 γὰρ
3342 1025 3394 1092 εἰ
3455 1035 3577 1093 τῶν
3643 1029 3754 1118 μὲν

776 1169 809 1202 α
849 1133 1151 1207 Ἰουδαίων
1206 1134 1400 1219 οὐδεὶς
1460 1148 1784 1235 μεταιτεῖ·
1838 1142 2115 1234 τρέφουσι
2171 1134 2240 1210 δὲ
2292 1142 2349 1210 οἱ
2408 1134 2716 1221 δυσσεὸεῗς
2769 1148 3096 1210 Γαλιλαῖοι
3143 1144 3285 1238 πρὸς
3341 1157 3470 1223 τοῖς
3526 1151 3753 1214 ἑαυτῶν

780 1286 812 1320 α
854 1261 959 1327 καὶ
1004 1264 1141 1340 τοὺς
1183 1263 1541 1357 ἡμετέρους·
1576 1265 1633 1330 οἱ
1674 1254 1744 1330 δὲ
1792 1263 2070 1357 ἡμέτεροι
2112 1274 2225 1341 τῆς
2262 1259 2404 1355 παρ’
2450 1269 2625 1357 ἡμῶν
2671 1262 3011 1356 ἐπικουρίας
3059 1256 3276 1343 ἐνδεεῖς
3331 1262 3664 1357 φαίνονται.
3712 1295 3746 1330 n

778 1374 1047 1447 {bidem
1084 1377 1764 1450 valetudinariorum
1790 1377 2250 1476 (νοσοκομείων)
2284 1380 2725 1452 mentionem
2766 1380 2955 1453 facit.
2994 1385 3174 1451 Tum
3209 1382 3282 1452 in
3319 1406 3753 1481 unaquaque

771 1498 1050 1568 civitate
1101 1497 1442 1588 aedificia,
1499 1498 1786 1597 publica
1828 1498 2184 1598 hospitia,
2237 1525 2360 1572 seu
2392 1558 2410 1591 ,
2463 1526 2722 1597 graece,
2783 1497 3138 1598 ξενοδοχεῖα
3188 1502 3581 1601 eriguntur.
3646 1504 3750 1576 lbi

773 1616 1033 1714 hospes
1068 1618 1406 1717 recipitur
1431 1620 1750 1719 quisquis
1783 1620 2023 1719 inopia
2058 1619 2362 1713 laborat,
2403 1621 2604 1695 nullo
2638 1621 2805 1694 fidei
2837 1620 3085 1694 habito
3118 1621 3573 1695 discrimine:
3605 1648 3753 1722 quo

770 1738 1071 1808 consilio
1111 1738 1181 1808 in
1216 1739 1566 1811 Galatiam
1595 1739 1930 1812 frumenti
1965 1741 2378 1814 modiorum
2426 1743 2713 1839 triginta
2763 1742 2982 1815 millia
3025 1756 3096 1815 et
3134 1744 3492 1839 sexaginta
3538 1745 3753 1818 millia

777 1859 920 1929 vini
957 1859 1168 1931 mittit
1202 1861 1616 1958 imperator.

870 1976 1251 2049 Historiam
1310 1980 1917 2052 alimentariorum
1968 2006 2116 2053 non
2163 1983 2461 2058 ulterius
2503 2007 2788 2083 sequar.
2845 1984 3345 2080 Ingruentibus
3381 1983 3749 2076 barbaris,

771 2120 1003 2166 novus
1035 2099 1255 2195 surgit
1280 2123 1528 2170 rerum
1563 2100 1773 2172 ordo,
1815 2100 2091 2175 Obruta
2123 2103 2551 2175 Veleiatium
2589 2102 2840 2195 civitas
2868 2103 3223 2175 evanescit
3269 2130 3285 2175 ε
3325 2104 3754 2201 titulumque

773 2216 1230 2290 alimentariae
1275 2218 1587 2292 historiae
1639 2214 2226 2321 pretiosissimum
2289 2250 2516 2324 usque
2570 2224 2642 2295 in
2697 2224 3033 2297 saeculum
3084 2233 3330 2295 xv111¹¹'¹
3377 2223 3752 2296 conditum

769 2350 955 2407 terra
989 2352 1243 2409 servat.
