5096 6425
2581 712 2974 786 ...32-

1743 965 1861 1042 De
1906 966 2312 1045 alimentis
2332 1027 2351 1063 ,
2405 993 2580 1074 quae
2633 967 2899 1075 inopes
2927 922 3306 1075 parentes
3345 969 3440 1048 de
3466 970 3794 1079 publico

2458 1109 2715 1198 petere
2751 1092 3055 1171 debent.

2553 1291 2692 1347 TIT.
2734 1291 2978 1348 XXVII.

2042 1442 2089 1499 1.
2132 1442 2455 1517 Imperator
2485 1438 2892 1497 Constantinus
2923 1443 2997 1500 A.
3029 1440 3123 1498 Ad
3149 1440 3486 1505 Ablavium.

1381 1618 1412 1654 «
1448 1586 1674 1658 AEreis
1703 1585 1985 1674 tabulis,
2024 1584 2134 1656 vel
2168 1585 2567 1676 cerussatis,
2610 1598 2734 1656 aut
2780 1582 3015 1657 linteis
3049 1589 3329 1687 mappis
3361 1591 3624 1663 scribta
3652 1617 3782 1690 per
3809 1618 4062 1665 omnes
4089 1594 4260 1666 civi·

1277 1723 1454 1780 tates
1506 1707 1722 1779 ltaliae
1772 1721 2220 1805 proponatur
2275 1707 2387 1777 lex
2412 1763 2431 1798 ,
2494 1730 2654 1803 quae
2707 1722 3088 1804 parentum
3138 1734 3395 1783 manus
3449 1736 3491 1783 a
3545 1714 3931 1811 parricidio
3982 1731 4249 1807 arceat,

1274 1843 1669 1927 votumque
1712 1842 1940 1899 vertat
1980 1828 2053 1898 in
2097 1827 2349 1899 melius
2404 1854 2419 1897 :
2474 1826 2940 1925 officiumque
2979 1843 3194 1931 tuum
3236 1831 3388 1904 haec
3437 1857 3606 1906 cura
3656 1837 4105 1933 perstringat,
4146 1851 4251 1931 ut,

1276 1954 1333 2024 si
1371 1951 1530 2048 quis
1566 1975 1825 2048 parens
1866 1948 2137 2020 adserat
2184 1948 2511 2019 sobolem
2553 1971 2770 2046 quam
2818 1973 2953 2046 pro
2996 1967 3413 2050 paupertate
3455 1954 3761 2029 educare
3794 1982 3943 2029 non
3986 1959 4251 2056 possit,

1277 2095 1409 2143 nec
1442 2072 1514 2141 in
1558 2070 1910 2142 alimentis
1937 2094 2071 2141 nec
2103 2070 2178 2140 in
2209 2084 2404 2142 veste
2440 2068 2916 2169 impertienda
2949 2071 3293 2166 tardetur,
3332 2099 3500 2145 cum
3536 2074 3868 2149 educatio
3902 2079 4256 2150 nascentis

1275 2191 1588 2263 infantiae
1637 2214 1875 2260 moras
1924 2188 2103 2259 ferre
2145 2213 2294 2259 non
2335 2192 2561 2287 possit
2587 2239 2610 2274 ,
2647 2186 2743 2260 ad
2774 2214 2990 2286 quam
3028 2215 3179 2263 rem
3214 2207 3286 2263 et
3336 2192 3589 2265 fiscum
3642 2209 3968 2267 nostrum
4000 2214 4071 2267 et
4102 2222 4253 2269 rem

1275 2313 1620 2410 privatam
1654 2308 2035 2381 indiscreta
2058 2309 2400 2406 jussimus
2433 2308 2749 2407 praebere
2784 2308 3154 2408 obsequia.
3212 2317 3375 2386 Dat.
3433 2319 3527 2385 111
3574 2315 3675 2387 id.
3721 2317 3909 2388 Maii.
3966 2318 4247 2409 Naisso,

1273 2430 1748 2503 Constantino
1782 2436 1861 2501 Α.
1903 2433 2025 2499 1111
2052 2444 2123 2500 et
2160 2430 2429 2501 Licinio
2458 2433 2611 2502 1111.
2654 2433 2791 2501 ΑΛ.
2828 2454 3012 2502 coss·
3050 2459 3087 2500 n

2383 2622 2463 2679 11.
2506 2616 2671 2679 Idem
2697 2622 2771 2677 A.
2806 2618 3148 2679 Menandro.

1373 2800 1405 2832 «
1588 2763 2063 2839 Provinciales
2098 2779 2406 2862 egestate
2442 2765 2668 2837 victus
2701 2779 2918 2863 atque
2949 2767 3307 2840 alimoniae
3346 2771 3592 2869 inopia
3622 2772 4052 2869 laborantes,
4083 2778 4251 2852 libe·

1270 2910 1385 2957 ros
1417 2911 1586 2957 suos
1616 2883 1930 2957 vendere
1957 2880 2071 2954 vel
2108 2882 2586 2980 obpignerare
2626 2884 3122 2980 cognovimus,
3164 2886 3503 2986 Quisquis
3544 2890 3757 2987 igitur
3800 2892 4013 2989 hujus
4051 2898 4250 2969 modi

1270 3007 1686 3105 reperietur,
1728 3005 1853 3102 qui
1888 3004 2082 3075 nulla
2115 3003 2217 3074 rei
2255 3001 2619 3074 familiaris
2652 3002 3043 3103 substantia
3073 3004 3288 3076 fultus
3320 3019 3450 3094 est,
3484 3009 3749 3106 quique
3783 3009 4047 3084 liberos
4080 3039 4249 3086 suos

1268 3151 1449 3223 aegre
1493 3150 1577 3197 ac
1622 3123 1909 3196 difficile
1951 3135 2295 3195 sustentat
2334 3148 2350 3192 ε
2394 3147 2523 3222 per
2576 3120 2828 3194 fiscum
2870 3138 3236 3215 nostrum,
3287 3140 3674 3224 antequam
3713 3128 3838 3201 fiat
3867 3133 4248 3206 calamitati

1267 3245 1667 3337 obnoxiuS,
1721 3244 2099 3340 adjuvetur
2152 3271 2167 3314 ε
2220 3242 2319 3314 ita
2376 3256 2454 3313 ut
2515 3243 2988 3341 proconsules
3042 3244 3518 3342 praesidesque
3567 3259 3641 3319 et
3687 3250 4069 3323 rationales
4119 3278 4250 3351 per
4368 3323 4376 3330 ,

1267 3369 1673 3439 universam
1706 3365 2013 3437 Africam
2045 3362 2361 3435 habeant
2399 3376 2867 3460 potestatem,
2912 3377 2985 3434 et
3026 3364 3432 3457 universis,-
3464 3391 3647 3464 quos
3693 3366 4132 3441 adverterint
4172 3372 4244 3441 in

1266 3500 1573 3582 egestate
1622 3484 2003 3557 miserabili
2058 3483 2525 3574 constitutOS,
2580 3483 2840 3580 stipem
2881 3483 3352 3556 necessariam
3401 3486 3789 3583 largiantur
3836 3515 3853 3557 ε
3902 3504 4115 3585 atque
4161 3515 4246 3562 ex

1267 3605 1543 3677 horreis
1575 3604 2044 3677 substantiam
2076 3603 2403 3701 protinus
2436 3599 2755 3672 tribuant
2779 3616 3338 3700 competentem.
3379 3604 3735 3678 Abhorret
3757 3609 3950 3679 enim
3987 3611 4248 3684 nostris

1268 3723 1616 3817 moribuS,
1662 3738 1742 3795 ut
1776 3745 2211 3822 quemquam
2247 3720 2430 3792 same
2462 3719 2725 3792 confici
2764 3720 2875 3791 vel
2917 3720 3012 3793 ad
3064 3722 3443 3819 indignum
3478 3723 3749 3797 facinus
3777 3753 4246 3830 prorumpere

1264 3846 1771 3917 concedamus».
1806 3849 1968 3916 Dat.
2010 3841 2199 3941 prid.
2244 3866 2423 3912 non.
2456 3840 2599 3911 Jul.
2642 3845 2906 3913 Romae.
2946 3840 3307 3914 Probiano
3338 3859 3408 3915 et
3440 3844 3725 3919 tuliano
3754 3872 3939 3919 coss,
3981 3862 4015 3917 ὁ)

1362 3972 1536 4056 Quae
1555 3966 1848 4064 quidem
1870 3966 2114 4038 omnia
2140 3962 2462 4034 indicant
2493 3962 3014 4034 institutionem
3042 3964 3269 4062 ipsam
3292 3964 3880 4063 hypothecariam
3905 3972 4197 4068 periisse
4217 4003 4236 4065 3

1263 4089 1387 4160 sed
1420 4085 1850 4183 judicabunt
1878 4085 2182 4156 lectores
2215 4106 2334 4170 an,
2376 4081 2568 4181 apud
2603 4082 2923 4178 gentiles»,
2954 4081 3228 4179 aliquid
3261 4084 3665 4157 institutum
3701 4087 3912 4159 suerit
3944 4089 4240 4186 dignum

1264 4208 1486 4305 magis
1534 4204 1737 4304 quod
1781 4230 1823 4278 a
1868 4204 2257 4275 christiana
2305 4200 2649 4298 religione
2701 4217 3048 4300 tanquam
3093 4206 3469 4304 proprium
3508 4224 3991 4308 usurparetur,
4039 4228 4244 4309 post-

1262 4355 1518 4428 quam,
1571 4353 1654 4400 ea
1702 4326 1854 4398 fieri
1902 4326 2117 4424 coepit
2170 4323 2488 4395 universi
2532 4325 2821 4423 Imperii
2867 4323 3140 4421 religiO.
3192 4327 3647 4402 Alimentaria
3699 4331 4049 4403 institutio
4090 4334 4240 4429 jam

1264 4447 1459 4520 nulla
1511 4461 1642 4536 est,
1695 4444 2083 4519 liberalitas
2127 4456 2318 4516 certe
2368 4442 2605 4539 durat,
2665 4444 2890 4516 immo
2952 4444 3366 4544 pulchriore
3419 4451 3717 4523 nomine
3770 4452 4076 4525 charitas
4119 4480 4243 4526 vo·

1261 4582 1485 4643 catur.

1358 4691 1407 4780 g
1459 4693 1548 4758 X.
1609 4691 1774 4758 Post
1815 4684 2400 4776 Constantinum,
2455 4684 2758 4784 publicae
2800 4684 3239 4761 liberalitatis
3282 4713 3617 4784 munera,
3673 4706 4014 4791 tanquam
4064 4719 4234 4781 sua,

1260 4807 1638 4880 Christiani
1671 4806 2103 4905 suscipiunt,
2143 4805 2589 4903 longumque
2631 4809 2925 4880 interest
2965 4810 3313 4909 temporis
3343 4811 3790 4885 intervallum
3821 4815 4238 4913 priusquam

1263 4953 1704 5027 paganorum
1754 4927 2152 5001 stimuletur
2200 4928 2587 5001 aemulati0.
2638 4928 3081 5001 Christianos
3129 4930 3479 5004 imitando
3528 4948 3816 5006 secutus
3869 4936 4237 5009 Julianus¹

1341 5120 1396 5175 1.
1436 5114 1733 5190 Julianus,
1755 5113 1937 5192 Epist.
1961 5114 2035 5173 ad
2058 5120 2333 5192 Arsacen,
2362 5114 2551 5177 Galat.
2577 5114 2863 5196 pontific„
2893 5136 2955 5195 p.
2980 5117 3120 5188 429,
3144 5118 3237 5188 C.,
3260 5115 3352 5179 ed.
3378 5120 3599 5198 Spanh.
3619 5154 3701 5168 —
3719 5122 3806 5183 Cf.
3838 5144 3896 5202 p.
3925 5127 4032 5183 29¹
4063 5139 4121 5183 et
4144 5144 4231 5202 sq.
