5096 6425
2152 678 2548 752 —747—

872 896 875 903 ‚
942 848 997 937 S
1029 848 1115 915 X.
1169 844 1370 939 Pagis
1404 839 1974 941 praeficiebantur
2013 842 2463 938 magistratus
2512 838 2814 942 quidam
2863 848 3035 919 dicti
3069 851 3215 923 sive
3255 876 3611 949 pagorum
3645 860 3830 931 Prae·

846 967 1034 1056 secti,
1071 966 1222 1038 sive
1251 963 1553 1037 Parochi
1573 1019 1595 1056 ,
1622 961 1887 1061 quibus
1920 962 2256 1035 mandata
2281 981 2432 1037 erat
2456 991 2630 1039 cura
2658 981 2737 1039 ut
2760 969 3042 1040 victum·
3063 973 3538 1072 vestitumque
3575 950 3831 1076 magis-

843 1083 1143 1155 tratibus
1165 1139 1184 1176 ,
1224 1084 1348 1181 qui
1392 1083 1837 1180 provinciam
1885 1106 2087 1154 suam
2132 1084 2514 1182 petebant,
2573 1113 2657 1160 ac
2695 1089 2891 1187 ligna
2933 1092 3301 1190 salemque
3351 1096 3823 1193 praeberent¹3

843 1225 1455 1300 operam-quoque
1482 1201 1754 1295 dabant
1784 1227 1878 1273 ne
1911 1218 2098 1275 terra
2132 1206 2632 1301 negligeretur,
2660 1224 2876 1307 atque
2910 1227 2988 1284 ut
3012 1214 3146 1293 viae
3167 1239 3209 1286 a
3243 1215 3630 1289 fundorum
3664 1245 3830 1318 pos-

841 1320 1236 1393 sessoribus
1280 1321 1797 1393 munirentur'.
1842 1326 2244 1416 Annonam,
2276 1330 2360 1396 V⁰
2397 1328 2683 1419 saeculO,
2735 1346 2952 1427 prout
2996 1332 3398 1407 debebatur
3428 1361 3471 1408 a
3502 1339 3822 1434 singulis,

839 1439 1279 1537 exigebant⁸.
1347 1446 1501 1512 Hoc
1556 1454 1792 1512 autem
1845 1466 2115 1514 nomen
2146 1448 2508 1544 Proesecti
2564 1447 2742 1519 mihi
2806 1474 2973 1522 cum
3030 1455 3465 1551 proesecmra
3521 1482 3828 1530 concor-

841 1564 1013 1634 dare
1044 1562 1351 1634 videtur.
1406 1567 1515 1633 De
1549 1563 1965 1661 praefectura
1996 1588 2170 1634 vero
2212 1565 2406 1663 apud
2439 1566 2758 1639 Siculum
2792 1568 3120 1642 Flaccum
3165 1571 3317 1644 haec
3366 1576 3773 1651 invenimus
3803 1608 3820 1651 ε

845 1716 879 1753 «
1084 1686 1230 1757 suis
1272 1684 1628 1757 ,limitibus
1676 1710 1974 1782 quaeque
2023 1686 2218 1782 regio
2254 1687 2482 1760 diuisa
2536 1704 2804 1779 est,....
2858 1716 3017 1788 quae
3067 1694 3359 1788 singulae
3397 1699 3826 1795 praefecturae

837 1805 1287 1905 appellantur
1308 1809 1454 1877 ⁶....
1481 1836 1516 1871 »
1556 1804 1780 1876 Iidem
1825 1804 2271 1900 magistratus
2312 1831 2842 1906 nonnunquam
2877 1810 3115 1882 aedz'les
3153 1816 3336 1913 pagi
3368 1816 3820 1908 dicebantur,

833 1928 1104 2025 quippe
1136 1927 1260 2024 qui
1292 1950 1516 2025 parvo
1550 1947 2000 2022 paganorum
2033 1927 2281 1998 aerario
2311 1929 2832 2026 praesiderent⁸.
3017 1936 3018 1939 ’

932 2053 983 2142 5
1015 2053 1137 2118 XI.
1189 2052 1419 2143 Pagus
1458 2047 1672 2143 igitur
1708 2060 1860 2116 erat
1903 2069 2069 2144 pars
2111 2045 2351 2144 aliqua
2382 2048 2730 2141 civitatis,
2779 2051 3132 2146 quamvis,
3182 2055 3268 2122 V⁰
3305 2067 3495 2125 certe
3532 2055 3817 2149 saeculo,

833 2195 983 2241 non
1015 2171 1315 2242 civitatis
1344 2168 1468 2241 sed
1509 2168 1895 2265 provi-nciae
1931 2169 2507 2264 magistratuum,
2544 2169 2724 2266 juris
2753 2178 2960 2263 esset,
3003 2180 3079 2242 ut
3114 2196 3202 2242 ex
3234 2172 3484 2245 codice
3500 2174 3824 2247 Theodo—

831 2292 1032 2364 siano
1051 2290 1533 2390 comperimus
1561 2316 1576 2359 ε
1609 2289 2057 2360 «Provinciis
2085 2290 2542 2387 praesidentes
2576 2316 2708 2389 per
2733 2292 3062 2363 omnium
3092 2291 3294 2365 villas
3317 2294 3580 2365 sensim
3607 2310 3822 2394 atque

832 2413 1140 2484 usitatim
1183 2413 1522 2508 vicosque
1566 2425 1868 2482 cunctos
1915 2409 2535 2483 discurra11t⁸....»
2579 2409 2872 2485 Tributa
2906 2426 3151 2484 autem
3193 2412 3599 2486 civitatibus
3634 2417 3821 2514 quis-

808 2550 967 2630 ‘que
1038 2557 1265 2632 pagus
1326 2531 1655 2605 solvebat
1714 2562 1730 2604 ε
1793 2562 1829 2597 ιι
1866 2537 2310 2603 possessores
2381 2556 2610 2629 quum
2680 2530 3146 2603 satisfecerint
3217 2532 3522 2631 publicae
3580 2536 3820 2609 conla-

826 2653 1005 2725 tioni
1026 2710 1046 2746 ,
1081 2653 1450 2725 cautiones
1486 2675 1650 2723 suas
1682 2651 1776 2722 ad
1815 2650 2206 2722 tabularios
2247 2649 2581 2748 publicos
2614 2648 2938 2722 deserant
2958 2705 2977 2742 ,
3029 2664 3107 2721 ut
3138 2674 3257 2722 eas
3279 2702 3282 2707 «
3307 2649 3635 2725 tabularii
3666 2654 3819 2727 sive

825 2775 1259 2871 sexagenarii
1292 2773 1593 2874 periculi
1620 2773 1729 2844 sui
1755 2796 2110 2844 memores
2139 2773 2530 2870 suscipiant
2563 2796 2609 2843 a
2628 2770 3120 2844 conlatoribus
3143 2772 3332 2872 ipsas
3356 2774 3628 2872 species
3659 2799 3819 2872 quae

825 2894 1180 2967 debentur
1212 2919 1297 2967 ex
1331 2895 1608 2966 horreis
1647 2895 1792 2965 suis
1824 2894 1920 2965 ad
1967 2894 2283 2965 civitates
2313 2892 2625 2989 singulas
2658 2918 2788 2991 per
2820 2917 3100 2964 menses
3133 2891 3450 2989 singulos
3497 2892 3817 2991 perlatu-

823 3017 919 3087 ris
948 3045 966 3087 :
1019 3041 1111 3088 ne
1143 3015 1396 3087 inlatio
1431 3013 1863 3086 tributorum
1900 3038 1986 3084 ex
2022 3013 2191 3085 solis
2222 3014 2526 3111 apochis
2571 3013 2759 3085 falsis
2793 3012 2908 3085 vel
2953 3014 3387 3108 imaginariis
3422 3037 3815 3108 cognosca-

826 3151 938 3208 tur
961 3139 1009 3226 ⁷,
1063 3150 1200 3208 etc.
1245 3165 1280 3201 »
1337 3138 1425 3206 V‘·
1465 3133 1760 3222 saecu10,
1815 3133 1980 3232 pagi
2019 3132 2198 3229 juris
2253 3147 2457 3204 erant
2502 3132 2983 3203 Defensorum
3032 3132 3362 3203 civitatis.
3415 3132 3813 3204 Verisimile

820 3273 925 3329 est
963 3257 1243 3354 Trajani
1275 3270 1602 3355 ternpore
1629 3309 1649 3347 ,
1680 3278 1997 3353 paganos
2043 3253 2136 3325 ad
2185 3253 2439 3326 urbem
2486 3252 2781 3325 curialia
2827 3251 3067 3325 officia
3098 3251 3461 3341 obituros,
3511 3267 3625 3345 ut,
3674 3256 3813 3325 Au-

822 3379 1005 3474 gusti
1030 3391 1258 3466 aetate‚
1280 3376 1497 3448 bonos
1515 3393 1768 3473 'patres
1792 3400 1878 3446 ex
1903 3375 2177 3447 Horatii
2201 3375 2536 3473 epistola⁸
2560 3374 2926 3467 discimuS,
2962 3373 3209 3446 solitos
3248 3398 3402 3445 esse
3444 3372 3805 3448 devenire.

918 3503 970 3594 5
1002 3504 1153 3569 Xll.
1214 3502 1534 3593 Pagusne
1579 3495 1883 3593 quisque
1928 3496 2202 3592 integer
2234 3498 2305 3566 in
2357 3520 2587 3568 unum
2628 3511 2697 3566 et
2745 3494 2940 3567 idem
2989 3491 3223 3566 solum
3271 3494 3580 3592 patuerit
3626 3495 3812 3566 intra

819 3632 1051 3690 certos
1073 3616 1275 3708 fines,
1304 3640 1397 3688 an
1421 3615 1663 3715 plures
1696 3616 1770 3686 in
1806 3629 2044 3713 partes
2074 3616 2455 3714 saepissime
2479 3615 2745 3687 divisus
2766 3615 2998 3706 fuerit,
3026 3613 3223 3686 haud
3247 3612 3583 3711 equidem
3611 3611 3810 3685 facile
3888 3615 3892 3618 ’

905 3942 963 4000 ¹.
995 3943 1227 4012 Horat„
1267 3938 1310 3999 l.
1344 3942 1404 4010 1,
1436 3950 1542 3997 sat.
1576 3942 1645 3999 V.
1678 3959 1737 3997 v.
1765 3941 1865 4000 46.
1897 3971 1978 3983 -
2003 3938 2176 3996 Nulla
2210 3951 2405 3997 autem
2443 3939 2645 4019 primis
2682 3936 3039 4019 temporibus
3079 3936 3318 4017 Imperii
3361 3935 3660 4016 inscriptio
3697 3938 3805 3996 hoc

820 4041 1168 4102 vocabulum
1197 4043 1446 4100 Par-ochi
1463 4039 1702 4120 praebet.

897 4146 961 4206 2.
998 4145 1174 4205 Sicul.
1200 4145 1388 4205 Flacc.
1419 4147 1507 4201 De
1529 4141 1747 4201 condit.
1779 4159 2005 4222 agror„
2033 4142 2128 4203 ed.
2154 4142 2451 4215 Rudorss„
2475 4163 2535 4222 p.
2555 4145 2695 4216 146;
2722 4141 2847 4204 vid.
2867 4163 3065 4218 supra,
3089 4152 3238 4219 part.
3260 4145 3436 4214 m,c.
3461 4162 3506 4214 ι,
3531 4137 3658 4222 Su,
3682 4153 3800 4200 not.

903 4253 963 4308 3.
991 4247 1135 4308 Cod.
1165 4245 1559 4322 Theodos.,’l.
1591 4249 1701 4322 xl,
1730 4250 1819 4305 De
1846 4249 2093 4305 Annona
2121 4258 2180 4304 et
2198 4244 2485 4319 Tributis,
2516 4266 2588 4305 11.

899 4355 958 4409 4.
992 4355 1080 4408 De
1100 4349 1492 4411 condicionib.
1523 4367 1749 4430 agroru,
1769 4349 1911 4408 edit.
1941 4350 2239 4426 Rudorss„
2270 4371 2330 4430 p.
2365 4352 2507 4408 160.

900 4458 959 4513 5.
990 4451 1264 4515 Fabi-etti.
1290 4453 1586 4533 Inscript.,
1617 4474 1679 4533 p.
1713 4455 1855 4514 657.

899 4559 960 4617 6.
990 4555 1135 4617 eod.
1164 4555 1415 4630 meod„
1435 4555 1476 4615 l.
1508 4559 1559 4627 1,
1587 4554 1662 4615 de
1686 4554 1880 4614 officio
1897 4555 2164 4615 Rectoris
2185 4554 2525 4635 provinciae.

902 4665 962 4720 7.
992 4665 1100 4718 Da.
1128 4660 1265 4720 Kal.
1295 4678 1437 4720 nov.
1468 4662 1642 4719 Trev.
1685 4657 2059 4717 Constantino
2084 4661 2157 4716 A.
2193 4660 2280 4716 111
2311 4668 2370 4715 et
2403 4655 2628 4716 Licinio
2655 4659 2769 4716 1111
2804 4675 2954 4719 coss.
2983 4657 3128 4719 eod.
3159 4653 3409 4730 Theod„
3444 4653 3485 4714 1.
3517 4657 3637 4726 xl,
3667 4665 3712 4714 t.
3741 4656 3801 4728 1,

820 4766 906 4823 De
936 4768 1183 4823 Annona
1208 4777 1267 4823 et
1285 4760 1558 4825 Tributis.

902 4867 962 4924 8.
1511 4905 1792 4922 ......
1822 4859 2156 4922 Habitatum
2192 4862 2452 4941 quinque
2492 4858 2636 4922 focis
2656 4906 2674 4938 ,
2711 4877 2771 4924 et
2974 4927 2978 4932 ,

1502 4965 1771 5043 Quinque
1808 4963 1995 5025 bonos
2028 4965 2262 5026 solitum
2291 4967 2523 5028 Variam
2551 4966 2844 5028 dimittere
2883 4978 3098 5046 patres.

2751 5075 2976 5147 (Horat.
2999 5074 3136 5150 Ep„
3167 5069 3210 5129 Ι.
3242 5072 3293 5142 1,
3328 5087 3431 5149 ep.
3453 5075 3606 5140 xxv.)
