5096 6425
2462 717 2977 789 ·--3o-

1286 885 1457 970 filia,
1490 885 1708 955 Lucio
1727 888 1918 954 Vero
1953 882 2323 954 nuberet¹.
2362 886 2527 955 Mox
2575 883 2647 954 in
2696 881 3056 954 honorem
3092 884 3440 954 Faustinae
3471 884 3783 956 Junioris
3818 883 3971 955 aliae
4000 884 4270 955 Fausti-⁸

1287 1007 1516 1077 nianae
1551 1006 1885 1077 institutae
1910 1019 2077 1075 sunt
2101 1007 2144 1073 ¹¹.
2188 1003 2466 1098 Insigne
2492 1002 2806 1100 denique
2838 1018 3162 1101 superest
3196 1004 3267 1073 in
3296 1003 3546 1074 Albani
3581 1004 3747 1075 villa
3773 1004 4276 1102 Anaglyphum·

1288 1150 1328 1198 a
1367 1152 1516 1224 quo
1550 1127 2172 1198 Faustinianarum
2213 1124 2564 1195 institutio
2603 1126 2675 1195 in
2715 1124 3139 1197 memoriam
3176 1137 3579 1196 revocatur.

1386 1250 1437 1340 5
1489 1251 1606 1318 lV.
1663 1247 1999 1344 Sequitur
2053 1246 2408 1340 singulare
2463 1245 2836 1341 quoddam
2898 1246 3188 1341 privatae
3243 1245 3747 1317 munificentiae
3812 1245 4265 1343 exemplum,

1291 1365 1490 1462 quod
1523 1366 1890 1437 Antonino
1930 1365 2355 1461 imperante,
2397 1364 2672 1435 editum
2711 1365 2921 1436 fuisse
2957 1380 3196 1435 narrat
3228 1362 3497 1436 Fronto
3523 1367 3567 1434 ³.

1394 1517 1441 1551 «-
1489 1486 1595 1556 Ad
1628 1484 1922 1581 (maius)
1958 1499 2365 1582 tempus....
2415 1498 2485 1554 et
2519 1486 2833 1556 uarianis
2863 1488 2884 1523 ⁸
2930 1483 3239 1556 alumnis
3281 1483 3613 1556 masculis
3656 1484 4079 1580 feminisque
4128 1508 4272 1555 ses—

1291 1606 1580 1679 tertium
1626 1605 1915 1677 deciens
1964 1605 2255 1701 singulis
2294 1603 2584 1701 reliquit
2629 1606 3033 1676 usurarium
3075 1606 3407 1703 proprius
3436 1608 3458 1642 ⁸
3503 1630 3719 1702 quam
3765 1604 4205 1703 propri(um)
4251 1630 4268 1672 t

1291 1750 1461 1798 nam
1494 1727 2000 1823 quinquagena
2033 1746 2285 1796 annua.
2307 1723 2400 1795 ab
2431 1729 2741 1819 Augusta
2768 1727 2787 1763 ⁸
2826 1726 3122 1822 singulis
3156 1724 3312 1796 dari
3349 1725 3572 1820 jussit.
3622 1754 3656 1790 ι)

1296 1886 1301 1895 ·
1388 1850 1564 1933 Quae
1592 1870 1817 1944 quum
1850 1846 2110 1943 partim
2151 1845 2418 1915 incerta
2443 1844 2613 1934 sint,
2655 1868 2908 1915 eorum
2942 1859 3181 1915 tamen
3218 1846 3272 1915 si
3307 1843 3483 1917 mihi
3513 1845 3699 1915 bene
3731 1868 3982 1915 sensus
4017 1843 4274 1914 intelli·

1230 1948 1233 1949 ⁷
1293 1969 1506 2064 gitur,
1548 1967 1640 2039 de
1670 1966 1984 2065 quadam
2016 1966 2306 2038 Matidia
2341 1970 2363 2003 ⁷
2402 1967 2634 2061 agitur
2669 1991 2829 2063 quae
2874 1964 3288 2061 hereditatis
3333 1967 3656 2055 nomine,
3694 1965 3983 2036 deciens
4021 1979 4276 2035 sester-

1291 2089 1475 2160 tium
1511 2088 1748 2186 pueris
1779 2087 2213 2186 pauperibus
2246 2088 2617 2184 utriusque
2649 2112 2858 2159 sexus
2891 2086 3207 2184 reliquit.
3253 2090 3337 2157 At
3372 2088 3421 2157 ii
3453 2086 3748 2183 quidem
3783 2084 3974 2157 hanc
4011 2098 4275 2155 sortem

1292 2216 1442 2281 non
1482 2207 1893 2279 retinebunt
1927 2220 2004 2277 ut
2037 2204 2174 2278 sibi
2207 2207 2615 2304 propriam,
2666 2207 2816 2302 ejus
2858 2205 3366 2278 tantummodo
3419 2228 3633 2276 usura
3682 2205 4039 2288 fruentur,
4080 2203 4278 2299 quod

1292 2328 1404 2402 his
1435 2328 1804 2401 vocabulis
1832 2330 2252 2427 exprimitur
2291 2355 2309 2398 ε
2354 2356 2390 2395 ι(
2425 2328 2729 2399 Deciens
2760 2328 3165 2399 usurarium
3199 2328 3535 2424 proprius
3566 2325 3676 2421 (id
3711 2340 3814 2395 est
3835 2328 4141 2421 propius
4165 2322 4278 2394 vel

1293 2450 1510 2523 etiam
1570 2448 1859 2546 potius)
1923 2456 2144 2543 quam
2208 2448 2611 2545 proprium.
2650 2477 2685 2512 n
2755 2448 2986 2542 Cujus‘
3028 2444 3466 2517 liberalitatis
3528 2468 3702 2515 cura
3769 2444 4114 2514 Faustinae
4182 2443 4279 2514 ita

1295 2570 1680 2642 commissa
1749 2581 1859 2639 est
1910 2582 1992 2638 ut
2043 2565 2339 2663 singulis
2397 2590 2635 2638 annua
2698 2566 3204 2662 quinquagena
3260 2567 3816 2660 assignarentur.
3885 2558 4280 2633 Verisimile

1296 2701 1535 2758 autem
1568 2700 1673 2758 est
1703 2685 1893 2757 hanc
1925 2709 2212 2756 usuram
2249 2685 2734 2782 quincuncem
2769 2686 2981 2757 fuisse
3018 2686 3108 2776 (i.
3149 2710 3214 2757 e.
3259 2691 3300 2759 5
3328 2712 3402 2783 p.
3432 2682 3605 2775 olo)
3646 2697 3859 2780 atque
3895 2682 4060 2752 ideo
4090 2678 4282 2752 mille

1297 2829 1603 2878 numero
1652 2804 1862 2876 fuisse
1917 2828 2184 2902 pueros
2234 2803 2327 2875 ad
2382 2829 2568 2902 quos
2613 2830 2698 2877 ea
2759 2806 3149 2903 pertineret
3201 2804 3613 2876 liberalitas,
3671 2807 3804 2874 Hic
3845 2817 4037 2873 certe
4098 2800 4280 2897 frag-

1299 2924 1523 2994 menti
1575 2938 1782 2996 tenor
1818 2936 1984 3015 est,
2022 2923 2095 2992 in
2148 2947 2297 3019 quo
2349 2938 2591 2995 tamen
2635 2924 2989 2995 nonnulla
3028 2923 3545 2995 desiderantur.
3598 2921 3916 3017 Mihique
3964 2921 4160 2991 venit
4209 2921 4279 2991 in

1298 3059 1616 3117 mentem
1647 3068 1686 3115 a
1717 3042 2006 3114 Matidia
2042 3043 2384 3114 Faustinae
2418 3044 2782 3139 ingentem
2815 3044 3196 3141 pecuniam
3233 3042 3445 3114 fuisse
3484 3042 3829 3113 donatam
3858 3068 3884 3129 ,·
3914 3052 4073 3139 quae
4117 3042 4281 3138 qui-

1299 3164 1466 3237 dem
1500 3164 1815 3256 Matidia,
1858 3178 1934 3236 ut
1966 3163 2159 3236 salva
2196 3178 2264 3236 et
2315 3164 2389 3235 in
2432 3179 2590 3237 tuto
2626 3165 3098 3238 collocaretur
3131 3164 3261 3236 ista
3298 3161 3677 3235 liberalitas
3711 3186 3905 3254 eam,
3948 3161 4284 3261 principis

1299 3283 1469 3356 fidei
1502 3283 2095 3388 patrocinandam
2129 3283 2618 3355 mandaverat.
2655 3289 2993 3355 Praeterea
3020 3283 3172 3354 fieri
3207 3284 3440 3381 potuit
3468 3297 3547 3355 ut
3580 3281 3797 3373 istud,
3830 3281 3922 3352 de
3953 3306 4099 3377 quo
4129 3282 4285 3376 agi-

1300 3421 1442 3502 tur,
1481 3391 1884 3488 heredium,
1919 3418 1991 3474 et
2025 3403 2203 3474 alios
2233 3402 2531 3474 haberet
2566 3403 2927 3501 aquibus,
2971 3403 3278 3474 extincta
3317 3403 3674 3491 Faustina,
3708 3381 4167 3498 reciperetur,
4201 3425 4286 3472 ea

1301 3525 1569 3598 scilicet
1612 3524 1788 3620 *lege
1846 3537 1923 3594 ut
1979 3521 2416 3620 pauperibus
2475 3536 2820 3621 perpetua
2890 3522 3089 3593 fieret
3149 3523 3550 3596 sestertium
3609 3523 4285 3619 quinquagenorum

1300 3645 1625 3716 donati0.

1398 3769 1450 3858 g
1486 3769 1575 3836 V.
1616 3763 1944 3834 Extincto
1978 3766 2071 3833 M.
2117 3760 2428 3850 Aureli0,
2459 3761 2611 3856 jam
2644 3762 2916 3833 rariora
2953 3760 3246 3857 quidem
3292 3777 3761 3834 monumenta
3800 3763 4279 3861 reperiuntur,

1303 3909 1461 3980 quae
1498 3883 1923 3954 memoriam
1967 3880 2585 3953 alim'entariorum
2628 3881 3075 3951 continuent.
3122 3911 3154 3949 κ
3206 3881 3454 3953 Didius
3498 3881 3819 3953 Julianus
3864 3906 4110 3954 curam
4158 3882 4285 3954 ali-

1303 4019 1716 4076 mentorum
1753 4003 1825 4072 in
1856 4000 2053 4073 Italia
2084 4001 2349 4072 meruit
2381 4004 2424 4070 ⁸.
2469 4031 2503 4065 ι»

1384 4216 1443 4274 1.
1479 4210 1596 4269 Jul.
1633 4207 2014 4288 Capitolinus,
2047 4228 2101 4266 c.
2135 4228 2246 4270 vu.

1383 4317 1441 4373 2.
1485 4317 1609 4387 Id„
1641 4335 1693 4372 c.
1727 4334 1887 4372 xxvt.

1384 4422 1440 4477 3.
1475 4423 1554 4477 M.
1588 4416 1842 4477 Cornelii
1867 4415 2177 4475 Frontonis
2205 4429 2263 4473 et
2288 4417 2369 4473 M.
2412 4412 2636 4471 Aurelii
2683 4413 3046 4491 imperatoris
3072 4412 3343 4493 Epistolae
3366 4459 3383 4488 ,
3415 4428 3523 4474 etc.
3545 4462 3560 4491 ,
3591 4428 3830 4474 curante
3859 4416 4082 4495 Angelo
4108 4414 4285 4476 Maio.

1303 4528 1507 4598 Roma,
1538 4527 1717 4582 1833.
1754 4521 1965 4601 Epist„
1997 4520 2040 4582 l.
2073 4525 2126 4593 l,
2153 4523 2253 4593 13,
2286 4540 2345 4598 p.
2378 4520 2516 4577 288.

1385 4631 1443 4685 4.
1484 4632 1594 4684 Vel
1616 4626 1871 4685 Uananis
1897 4627 2079 4704 (Ang.
2111 4622 2349 4696 Maius).

1388 4740 1444 4793 5.
1480 4731 1573 4791 Sic
1610 4731 1790 4806 (Aug.
1823 4726 2061 4800 Maius).
2091 4758 2172 4769 —
2200 4728 2314 4784 Pro
2335 4726 2550 4801 potius,

1384 4836 1446 4891 6.
1479 4829 1750 4889 Faustina
1777 4827 1957 4887 Marci
1982 4830 2165 4906 (Aug.
2198 4826 2435 4900 Maius).

1388 4940 1446 4994 ⁶¹1.
1491 4937 1695 4994 Sermo
1740 4942 1827 4989 est
1862 4929 1937 4988 de
1979 4929 2297 4988 hereditate
2340 4928 2592 4987 Matidiae
2615 4972 2632 5001 ,
2683 4928 2755 4987 de
2800 4947 2916 5007 qua
2957 4926 3148 4987 recole
3185 4926 3260 4986 ad
3288 4931 3369 4989 M.
3401 4932 3642 5000 Anton„
3673 4927 3817 5005 imp.
3850 4948 3926 4998 11,
3959 4926 4059 4988 fin.
4098 4929 4289 5003 (Aug.

1306 5037 1542 5111 Maius).

1389 5144 1446 5199 8.
1480 5146 1668 5219 Spart.
1702 5159 1753 5198 c.
1784 5160 1852 5198 n.
