5096 6425
2225 700 2617 771 -31.-.-

1021 868 1072 957 §
1110 869 1224 936 vt.
1264 866 1661 962 Scriptores
1693 863 2124 935 recentiores
2158 863 2491 935 nonnulli
2526 889 2612 936 ex
2646 864 3032 961 Capitolini
3058 868 3074 901 ¹
3113 865 3427 961 quodam
3462 866 3652 958 loco,
3686 892 3901 964 quem

924 986 1163 1057 minus
1184 984 1370 1057 bene
1396 984 1918 1072 intellexerunt,
1943 983 2378 1054 Pertinacem
2397 980 2904 1079 judicaverunt
2933 985 3450 1057 institutionem
3476 986 3896 1059 abolevisse.

927 1109 1154 1176 Locus
1181 1121 1419 1178 autem
1454 1106 1554 1177 sic
1579 1131 1656 1177 se
1687 1104 1908 1177 habet
1938 1131 1954 1174 ε
2000 1134 2034 1170 «
2067 1104 2524 1176 Alimentaria
2557 1105 3015 1203 compendia,
3051 1131 3208 1202 quae
3243 1132 3900 1203 novem-annorum

921 1251 1006 1297 ex
1061 1226 1382 1297 instituto
1437 1224 1713 1320 Trajani
1767 1222 2241 1315 debebantur,
2302 1223 2655 1296 obdurata
2711 1224 3136 1296 verecundia
3196 1227 3499 1300 sustulit.
3561 1259 3594 1292 »
3650 1227 3756 1299 lbi
3809 1227 3901 1302 de

921 1343 1445 1415 intermissione
1502 1342 1814 1442 quadam
1867 1343 2294 1441 largitionis,
2355 1369 2503 1413 non
2558 1342 2648 1431 de
2701 1343 3205 1440 abrogatione,
3262 1345 3442 1417 sicut
3499 1350 3898 1420 Henzenius

917 1462 1431 1533 demonstravit
1463 1466 1509 1551 ²,
1542 1462 1797 1558 agitur]
1824 1456 2262 1561 Temporum
2295 1462 2732 1554 discrimina,
2772 1463 3058 1561 publica
3097 1464 3377 1538 miseria
3409 1481 3480 1537 et
3511 1466 3716 1559 civile
3747 1469 3898 1542 bel·

918 1582 1065 1653 lum
1103 1582 1441 1677 ingruens
1476 1584 1987 1681 imperatorem
2009 1581 2103 1653 ad
2139 1581 2206 1653 id
2248 1582 2683 1655 necessitatis
2716 1581 3160 1661 adduxerant
3189 1612 3208 1675 3
3242 1598 3317 1657 at
3347 1600 3512 1683 post
3550 1611 3743 1676 eum,
3784 1613 3895 1659 res

915 1701 987 1770 iu
1039 1700 1394 1797 integrum
1438 1703 1762 1772 restituta
1809 1714 1938 1771 est.
1983 1699 2121 1771 Ubi
2162 1700 2357 1773 enim
2388 1700 2775 1800 scriptores
2809 1716 3084 1788 tacent,
3127 1701 3522 1800 loquuntur
3553 1705 3830 1804 lapides
3870 1733 3885 1777 ε

910 1820 1375 1917 regnantibus
1419 1822 1737 1919 Septimo
1779 1823 2043 1895 Severo
2088 1836 2160 1892 et
2201 1819 2596 1911 Caracalla,
2658 1846 2742 1892 ex
2783 1822 3121 1893 Henzenii
3178 1812 3572 1917 sententia,
3611 1826 3891 1901 Maecius

909 1937 1185 2008 Probus
1220 1954 1461 2008 ΡΒΑΕΡ.
1491 1954 1676 2009 ALnt.
1719 1954 2180 2037 nuncupatur
2203 1942 2248 2009 ⁸.
3405 2028 3406 2031 Ἴ
3673 2022 3678 2027 ,

1006 2061 1057 2149 g
1104 2062 1257 2128 Vll.
1313 2061 1554 2130 Exstat
1593 2058 1831 2130 adhuc
1868 2059 2239 2155 Elagabali
2292 2062 2516 2133 aetatis
2570 2077 3123 2147 monumentum
3165 2064 3365 2160 quod
3411 2090 3454 2139 a
3491 2066 3890 2142 minoribus

904 2176 1340 2272 quibusdam
1397 2175 1921 2271 magistratibus
1980 2179 2442 2253 alimentariis
2508 2195 2825 2252 erectum
2880 2181 3086 2259 fuisse
3145 2182 3662 2258 demonstravit
3714 2192 3890 2267 Bur-

905 2293 1191 2390 ghesius
1216 2298 1260 2364 ⁸.
1299 2336 1314 2346 ·

1000 2415 1050 2505 5
1085 2418 1265 2485 Vlll.
1294 2416 1646 2512 Denique,
1678 2430 2017 2513 regnante
2054 2417 2452 2493 Alexandro
2485 2400 2781 2511 Severo,
2815 2445 3072 2517 magna
3108 2422 3304 2505 adest
3338 2424 3885 2524 inscriptionum

900 2536 1132 2631 copia.
1190 2539 1346 2632 lpse
1401 2550 1641 2607 autem
1688 2538 2101 2635 imperator,
2144 2540 2588 2635 Antoninum
2626 2541 3129 2639 Aureliumque
3177 2558 3493 2637 secutus,
3537 2575 3572 2613 κ
3615 2547 3885 2644 puellas

899 2678 1303 2749 puerosque
1353 2658 1855 2728 Mammaeanos
1916 2656 2215 2729 instituit
2246 2640 2297 2729 ⁸.
2335 2687 2367 2723 υ
2435 2652 2619 2730 Sunt
2668 2662 2959 2761 insuper
3019 2663 3367 2735 nonnulla
3429 2665 3564 2737 alia
3619 2692 3880 2739 monu-

896 2788 1136 2844 menta
1186 2774 1277 2845 ad
1331 2778 1882 2850 Constantinum
1931 2802 2159 2874 usque
2212 2781 2671 2878 pertinentia,
2710 2808 2868 2880 quae
2914 2782 3146 2855 attulit
3190 2788 3655 2859 Henzenius⁸.
3696 2790 3878 2861 Sunt

894 2893 1108 2964 etiam
1171 2895 1264 2965 ad
1327 2897 1655 2969 eamdem
1720 2913 1999 2972 aetatem
2029 2956 2047 2990 ,
2107 2900 2180 2970 id
2232 2915 2335 2972 est
2384 2902 2479 2972 ad
2534 2920 2872 3000 quartum
2936 2904 3266 2979 saeculum
3331 2906 3535 2977 multi
3598 2910 3878 2981 nummi

895 3013 1329 3108 pertinentes
1364 3038 1528 3085 cum
1568 3016 1787 3088 titulis
1830 3046 1845 3089 ε
1888 3034 2063 3085 rim.
2103 3035 2283 3102 Ave„
2315 3063 2395 3073 -
2425 3037 2914 3106 Anvmnmm„
2942 3066 3020 3077 --
3047 3039 3476 3093 Assvnnan‘rm
3502 3042 3656 3096 Ave.
3685 3071 3766 3082 —
3804 3044 3876 3100 et

892 3148 1323 3202 AnanAN‘m
1355 3152 1741 3224 murcavit,
1775 3155 1914 3211 etc.
1951 3144 1974 3179 ἵ

988 3257 1038 3345 S
1078 3258 1193 3324 tx.
1229 3255 1773 3330 Theodosianus
1820 3259 2131 3358 denique
2178 3263 2407 3334 codex
2453 3263 2666 3335 nobis
2709 3267 2939 3362 legem
2980 3266 3497 3338 alimentariam
3523 3322 3542 3358 ,
3585 3269 3872 3365 qualem

892 3374 1395 3449 informaverat
1427 3383 1963 3474 Constantinus,
1992 3383 2359 3474 ‘exhibet‘3
2404 3387 2685 3457 ratione
2720 3412 2894 3458 vero
2922 3384 3442 3482 obligationum
3481 3389 3871 3487 imperator

890 3518 1055 3563 usus
1090 3493 1298 3568 fuisse
1334 3523 1481 3569 non
1518 3499 1797 3572 videfur
1829 3505 2245 3576 exercendae
2281 3505 2784 3579 munificentiae
2819 3509 3087 3604 gratia3
3126 3522 3317 3580 certe
3349 3507 3609 3580 eodem
3639 3511 3869 3583 tendit

886 3612 1035 3708 ejus
1068 3613 1453 3690 liberalitas
1480 3677 1498 3711 ,
1538 3622 1837 3693 miseriis
1880 3624 2131 3696 iisdem
2176 3625 2593 3724 opitulatur.

964 3873 1021 3930 1.
1053 3873 1171 3932 Jul.
1206 3876 1539 3954 Capitolin.,
1566 3904 1618 3940 c.
1653 3903 1735 3943 ix.

959 3977 1019 4031 2.
1051 3979 1337 4052 Henzen.,
1365 3978 1410 4061 S
1435 4002 1541 4042 κη.

962 4083 1019 4135 3.
1051 4081 1259 4153 Orell.,
1290 4102 1348 4141 n.
1388 4087 1563 4142 1267.

958 4184 1017 4236 4.
1050 4186 1292 4240 Memor.
1326 4187 1574 4245 Institut.
1604 4189 1965 4269 archeolog.,
2002 4197 2053 4264 1,
2083 4213 2142 4272 p.
2177 4196 2318 4254 290.
2348 4228 2425 4240 —
2456 4199 2741 4267 nemen-2
2770 4193 2816 4275 S
2841 4215 2948 4255 ¹¹¹·

959 4288 1015 4341 5.
1051 4286 1379 4363 Lamprid.,
1413 4309 1465 4346 e.
1499 4311 1642 4350 nvn.

957 4389 1014 4443 6.
1053 4390 1340 4460 Henzen.‚
1367 4389 1412 4471 S
1439 4412 1546 4452 ιιι.

957 4493 1013 4544 7.
1049 4491 1300 4563 Pauflcr‚
1332 4494 1585 4565 Quaestio
1605 4496 1929 4575 antiquaria
1956 4497 2029 4556 de
2058 4503 2255 4578 pueris
2283 4515 2339 4561 et
2358 4502 2568 4580 puellis
2587 4503 2980 4562 alimentariis.
3012 4508 3246 4576 Dresd.,
3278 4506 3456 4576 1809,
3481 4525 3540 4583 p.
3568 4508 3645 4563 24
3667 4519 3724 4564 et
3749 4509 3851 4580 25,

872 4603 991 4647 not.
1028 4595 1100 4648 37
1134 4605 1191 4650 et
1222 4598 1333 4668 383
1365 4629 1442 4640 —-
1471 4596 1590 4655 vid.
1626 4601 1736 4673 id„
1772 4620 1831 4678 p.
1863 4603 1964 4672 26,
1999 4614 2120 4661 not.
2156 4607 2229 4661 39
2258 4626 2269 4660 :
2311 4630 2337 4654 «ι
2365 4609 2431 4661 In
2450 4605 2808 4663 Constantini
2828 4625 2967 4664 arcu
2996 4625 3177 4684 prope
3202 4606 3689 4685 amphitheatrum
3719 4609 3854 4668 Fla·

870 4691 1027 4748 vium
1062 4697 1260 4752 Romae
1279 4738 1301 4765 ,
1332 4696 1447 4755 huc
1478 4699 1770 4776 pertinere
1793 4701 2027 4761 videtur
2052 4704 2413 4783 congiarium
2449 4707 2669 4784 populo
2694 4706 2925 4782 datum,
2959 4720 3151 4767 etc....
3180 4733 3206 4759 ι
3239 4707 3379 4781 Quae
3400 4708 3636 4787 quidem
3665 4710 3741 4769 ad
3777 4711 3850 4768 li-

868 4793 1228 4855 beralitatem
1259 4799 1550 4877 publicam
1577 4803 1894 4881 pertinent,
1924 4825 2042 4866 non
2070 4806 2143 4866 ad
2172 4807 2360 4885 ipsam
2377 4808 2796 4869 institutionem
2823 4810 3284 4874 alimentariam-

953 4901 1008 4954 8.
1044 4898 1188 4959 Cod.
1218 4900 1467 4972 Theod.,
1502 4903 1545 4965 l.
1572 4907 1683 4978 XI,
1711 4927 1897 4966 xxvix.
