5096 6425
2090 755 2482 826 -49-

798 916 1229 1018 Mancipatio
1253 925 1448 995 enim
1482 920 1924 995 alienationis
1953 918 2215 991 modus
2247 933 2399 991 erat
2434 916 2641 989 rebus
2672 918 2991 1014 mancipz‘
3019 916 3375 1014 proprius.
3411 917 3622 1013 Atqui
3655 920 3787 990 Ro·

801 1062 1186 1115 manorum
1219 1044 1902 1118 Jurisconsultorum
1960 1041 2369 1113 testimonio
2415 1040 2761 1112 discimus
2815 1037 3076 1109 fundos
3123 1036 3278 1108 illos
3324 1038 3785 1112 solummodo

800 1160 924 1255 qui
972 1161 1043 1233 in
1079 1165 1321 1238 Italico
1357 1166 1516 1238 solo
1551 1166 1765 1266 positi
1799 1177 2003 1236 erant
2038 1163 2222 1234 inter
2270 1187 2383 1234 res
2434 1162 2749 1259 mancipi
2784 1176 3317 1250 annumeratos,
3356 1183 3441 1230 ac
3478 1160 3786 1256 proinde

803 1281 1406 1379 mancipationem
1442 1284 1855 1383 recepisse¹.
1896 1286 2123 1353 Porro
2151 1308 2317 1379 ager
2345 1282 2461 1354 ille
2485 1281 2578 1355 de
2606 1308 2755 1379 quo
2784 1283 2855 1351 in
2890 1279 3190 1378 epistola
3223 1278 3560 1376 praedicta
3587 1284 3788 1351 men-

801 1396 1070 1469 tionem
1124 1399 1387 1474 Plinius
1423 1404 1611 1496 facit,
1652 1403 1898 1474 Italici
1925 1401 2067 1473 soli
2109 1426 2272 1501 pars
2308 1416 2484 1488 erat,
2542 1400 2739 1475 unde
2790 1400 3110 1496 sequitur
3157 1398 3360 1470 illum
3409 1399 3790 1495 cujuslibet

802 1520 1157 1617 vectigalis
1194 1524 1595 1596 immunem
1627 1525 1862 1596 fuisse.

902 1643 1277 1737 Praeterea,
1318 1646 1751 1744 mancipatio
1778 1643 2169 1716 dominium
2195 1670 2289 1743 ex
2300 1645 2477 1744 jure
2501 1645 2875 1741 quiritium
2909 1640 3416 1731 transferebat3
3460 1665 3631 1735 ergo
3663 1641 3790 1711 Pli-

802 1757 964 1830 nius
1009 1760 1206 1835 huuc
1255 1787 1548 1860 agrum,
1607 1765 2032 1863 priusquam
2084 1765 2601 1862 mancipasset,
2655 1786 2748 1832 ex
2775 1761 2951 1860 jure
2990 1761 3362 1859 quiritium
3412 1760 3790 1858 proprium

802 1878 1195 1956 obtinebat.
1255 1887 1477 1979 Igitur
1514 1885 1811 1971 Plinius,
1867 1885 2420 1983 mancipationis
2460 1882 2656 1975 locO,
2697 1884 3082 1953 cessionem
3128 1883 3204 1950 in
3233 1880 3409 1980 jure
3445 1904 3791 1979 usurpare

800 2001 1184 2098 potuisset,
1226 2003 1654 2101 quiquidem
1706 2003 1967 2075 modus
2020 2019 2177 2075 tum
2211 2003 2417 2075 rebus
2450 2005 2801 2101 mancini,
2855 2018 3011 2074 tum
3046 2000 3254 2072 rebus
3300 2026 3431 2072 nec
3475 2004 3798 2098 manee-'pi

801 2119 1279 2195 adhibebatur
1296 2128 1341 2216 ¹,
1385 2125 1563 2196 dum
1617 2139 1885 2214 tamen,
1939 2151 2033 2194 ex
2057 2124 2233 2223 jure
2265 2126 2662 2223 quiritium,
2718 2123 2793 2194 in
2844 2121 3172 2193 dominio
3223 2134 3459 2192 essent
3510 2120 3583 2190 in
3630 2121 3792 2216 jure

802 2237 1147 2334 cedentis,
1185 2241 1261 2313 id
1299 2259 1405 2315 est
1437 2243 1624 2316 illius
1658 2244 1784 2342 qui
1822 2243 2206 2339 erogabat3
2250 2242 2376 2315 sed
2411 2267 2610 2315 mera
2648 2240 3031 2313 traditione
3074 2241 3176 2312 uti
3212 2265 3362 2311 uon
3403 2241 3785 2339 potuisset,

801 2360 1255 2455 quaequidem
1292 2363 1687 2435 dominium
1727 2390 1818 2438 ex
1853 2366 2033 2463 jure
2070 2366 2441 2463 quiritium
2486 2388 2637 2435 non
2674 2361 3176 2454 transferebat,
3214 2361 3351 2431 nisi
3385 2385 3626 2430 rerum
3663 2387 3792 2433 nec

802 2482 1122 2576 mancipi
1164 2484 1708 2579 corporali’um⁸.
1764 2489 2011 2573 Quum
2061 2500 2304 2557 autem
2352 2486 2574 2555 cessio
2609 2486 2686 2552 in
2716 2482 2896 2579 jure
2946 2481 3104 2555 fieri
3159 2505 3309 2552 non
3362 2497 3606 2578 posset
3657 2483 3793 2553 nisi

803 2597 1078 2672 adesset
1122 2627 1450 2675 summus
1489 2605 1967 2701 magistratus,
2014 2604 2277 2676 scilicet
2314 2594 2580 2675 Prae'tor
2610 2603 2723 2673 vel
2758 2606 3017 2674 Praeses
3065 2600 3450 2699 provinciae
3473 2653 3492 2689 ,
3538 2598 3795 2671 intelli-

804 2744 968 2817 gere
1001 2722 1202 2794 facile
1236 2738 1341 2795 est
1387 2724 1587 2796 hunc
1641 2725 1942 2796 modum
1975 2724 2333 2797 difficilius
2370 2723 2700 2823 usurpari
2746 2721 3039 2794 solitum
3071 2745 3290 2818 quam
3324 2723 3792 2819 mancipatio-

805 2865 993 2928 nem,
1029 2866 1113 2914 ac
1145 2842 1455 2940 proinde
1492 2846 2023 2942 mancipatione
2057 2846 2297 2944 potius
2331 2844 2644 2915 Plinium
2676 2867 2886 2914 usum
2921 2865 3098 2913 esse.

902 2963 1176 3035 Plinius
1206 2978 1589 3061 postquam
1618 2990 1871 3062 agrum
1903 2990 2116 3038 suum
2139 2965 2404 3036 civitati
2432 2963 2893 3060 mancipavit,
2927 2961 3126 3032 hunc
3157 2963 3409 3060 recipit
3445 2987 3686 3034 rursus
3713 2986 3797 3034 ac

804 3085 1145 3174 resumit,
1201 3084 1327 3156 sed
1370 3111 1519 3182 quo
1565 3086 1913 3157 nomine?
1964 3085 2260 3156 resumit
2314 3098 2392 3154 ut
2426 3081 2831 3180 vectigalem
2882 3107 3180 3180 agrum;
3233 3082 3497 3153 scilicet
3552 3084 3801 3154 civitas

804 3227 1020 3300 quem
1078 3228 1333 3300 agrum
1380 3204 1758 3303 proprium
1800 3204 1949 3301 jam
2008 3228 2089 3275 ac
2138 3201 2575 3302 peculiarem
2631 3199 2948 3288 obtinet,
3008 3200 3346 3274 eumdem
3402 3202 3475 3274 in
3534 3226 3799 3301 perpe-

804 3338 1012 3394 tuum
1051 3324 1317 3397 Plinius
1348 3326 1692 3398 conducit
1725 3350 1971 3399 annuo
2004 3326 2266 3423 pretio,
2306 3322 2813 3421 quodquidem
2856 3322 3159 3419 vecttgal
3201 3321 3485 3415 dicitur,
3524 3347 3609 3394 ac
3642 3338 3799 3394 tum

803 3444 1096 3516 tricenis
1130 3439 1444 3518 millibus
1478 3471 1859 3520 nummum
1892 3445 2378 3519 constituitur.
2420 3449 2587 3532 Quo
2621 3459 2836 3542 pacto
2873 3443 3111 3515 videre
3141 3458 3249 3516 est
3280 3469 3604 3516 annuum
3637 3443 3800 3517 urbi

804 3563 1117 3636 reditum
1155 3581 1428 3638 certum
1468 3591 1648 3655 esse,
1686 3592 1839 3638 non
1877 3568 2233 3639 minorem
2267 3565 2499 3636 reditu
2536 3563 2661 3635 illo
2699 3589 2914 3661 quem
2950 3589 3034 3636 ex
3088 3565 3437 3661 promissa
3476 3568 3801 3665 pecuniae

804 3708 1088 3755 summa
1120 3688 1591 3784 percepisset,
1634 3686 1705 3756 id
1743 3701 1849 3757 est
1880 3686 2287 3784 quingentis
2318 3683 2637 3756 millibus
2671 3708 3087 3771 nummum,
3125 3685 3185 3755 si
3217 3684 3407 3755 hanc
3440 3710 3795 3759 summam

806 3803 1078 3874 semissi
1116 3829 1329 3876 usura
1373 3804 1829 3896 collocasset,
1876 3829 1961 3876 ac
1996 3818 2370 3903 praeterea,
2408 3830 2636 3902 quum
2673 3805 2746 3875 in
2781 3803 3120 3903 praedicta
3160 3806 3457 3903 epistola
3498 3807 3799 3879 fateatur

804 3923 956 4022 ipse
990 3924 1260 3995 Plinius
1301 3925 1671 3997 modicum
1717 3926 1894 3998 illud
1941 3950 2094 3998 esse
2129 3923 2460 4022 vectigal,
2515 3926 2684 3996 satis
2724 3949 2855 4022 per
2903 3950 2978 3997 se
3033 3926 3259 4022 liquet
3309 3930 3796 4027 mancipatum

805 4041 1005 4115 hunc
1037 4067 1324 4140 agrum,
1368 4046 1719 4142 promissa
1748 4046 2070 4143 pecuniae
2101 4069 2409 4134 summa,
2441 4069 2600 4140 quae
2621 4045 3030 4141 quingentis
3067 4044 3380 4118 millibus
3413 4071 3794 4120 nummum

808 4163 1223 4255 constabat,
1262 4164 1476 4259 longe
1510 4165 2011 4263 pretiosiorem
2047 4164 2285 4237 fuisse.

902 4287 1251 4371 Quaenam
1285 4299 1527 4356 autem
1566 4284 1693 4356 suit
1727 4310 2062 4382 agrorum
2094 4286 2544 4380 vectigalium
2575 4284 2947 4357 conditio?
2976 4289 3321 4373 Quaenam
3365 4291 3792 4385 possessoris

807 4404 1131 4475 conditio
1167 4405 1295 4475 fuit
1330 4406 1543 4478 talem
1576 4431 1825 4503 agrum
1857 4422 2219 4506 perpetuae
2244 4406 2751 4479 conductionis
2784 4408 3079 4478 nomine
3113 4407 3544 4480 obtinentis?

804 4635 998 4711 betur,
1028 4637 1164 4716 quia
1192 4637 1331 4696 olim
1360 4639 1522 4698 aereis
1549 4652 1768 4699 tantum
1797 4641 2052 4699 nummis
2075 4639 2386 4699 utebantur
2411 4653 2469 4699 et
2500 4653 2666 4699 erant
2695 4660 2851 4700 asses
2877 4640 3191 4720 dupondii,
3238 4643 3499 4704 semisses
3540 4658 3598 4705 et
3639 4665 3789 4725 qua-

808 4743 1063 4814 drantes,
1101 4763 1211 4802 nec
1238 4744 1391 4802 ullus
1418 4764 1630 4803 aureus
1659 4745 1751 4803 vel
1777 4758 2085 4826 argenteus
2118 4763 2390 4803 nummus
2424 4744 2487 4801 in
2517 4763 2626 4803 usu
2654 4757 2798 4815 erat,
2840 4745 2987 4804 sicut
3024 4765 3096 4804 ex
3138 4746 3266 4827 lege
3290 4750 3407 4807 ΧΠ
3431 4748 3786 4811 Tabularum

805 4845 1131 4924 intelligere
1162 4865 1487 4925 possumus.
1516 4874 1541 4899 n
2640 4835 2650 4845 ⁶

887 4951 946 5006 1.
977 4949 1106 5006 Gaii
1140 4953 1280 5008 Inst.
1309 4953 1531 5009 Comm.
1563 4954 1614 5026 1,
1647 4949 1867 5032 §1203
1894 4985 1975 4999 -
1997 4951 2230 5032 Ulpiani
2258 4951 2602 5032 fragmenta,
2633 4949 2720 5009 tit.
2751 4953 2918 5028 XIX,
2949 4948 2996 5032 S
3024 4954 3050 5008 t
3088 4962 3146 5009 et
3174 4953 3230 5010 3.

884 5051 946 5112 2.
975 5051 1115 5128 Ulp.
1152 5052 1291 5110 ibid.
1322 5051 1371 5134 S
1395 5056 1456 5111 9.

888 5156 945 5212 3.
986 5153 1080 5214 Id.
1113 5153 1255 5214 ibid.
1285 5153 1334 5236 S
1357 5162 1413 5214 7.
