5096 6425
2154 760 2545 830 -21—

865 918 1099 1018 quod,
1159 925 1395 995 media
1452 939 1653 997 aetate
1705 924 2097 995 dominium
2153 923 2498 995 directum
2558 922 2797 995 dicere
2845 923 3172 995 solebant
3192 928 3235 992 ¹.
3300 921 3603 992 Maxima
3653 921 3848 991 enim

867 1043 1352 1117 intercedebat
1384 1046 1777 1117 similitudo
1812 1047 2142 1141 interbj‘us
2188 1045 2375 1116 illius
2416 1048 2582 1142 qui,
2633 1045 2826 1142 apud
2861 1048 3245 1134 Romanos,
3285 1040 3728 1113 conducebat
3775 1040 3846 1111 in

866 1176 1293 1256 perpetuum
1321 1187 1574 1260 agrum
1607 1163 2015 1263 vectigalem
2043 1178 2114 1235 et
2132 1164 2250 1259 jus
2276 1163 2461 1235 illius
2487 1165 2611 1261 qui
2631 1219 2649 1253 ‚
2682 1164 2918 1236 media
2940 1179 3166 1243 aetate,
3197 1188 3444 1259 agrum
3475 1160 3848 1233 obtinebat

862 1279 980 1348 cui
1006 1278 1303 1374 quidem
1328 1281 1629 1379 vectigal
1646 1288 2111 1379 perpetuum*
2138 1282 2553 1354 inbaerebat.
2595 1284 2767 1356 lnde
2797 1283 2996 1357 facile
3029 1281 3439 1378 intelligitur
3463 1305 3683 1378 quare
3719 1281 3847 1352 Pli-

864 1394 1050 1483 nius,
1111 1396 1185 1466 in
1236 1399 1552 1495 epistolae
1601 1401 1953 1498 praedictae
1990 1402 2162 1493 fine,
2219 1428 2421 1474 suam
2477 1429 2655 1495 rem,
2715 1429 2927 1476 suum
2972 1428 3221 1498 agrum
3273 1427 3347 1473 se
3389 1402 3848 1497 resumpsisse

861 1512 1157 1604 dixerit,
1215 1547 1249 1582 α
1278 1518 1616 1592 eumdem
1659 1522 1997 1620 imposito
2031 1524 2356 1619 vectigali
2398 1525 2680 1623 recepi3
2721 1555 2754 1590 n
2814 1549 3052 1621 quare
3083 1524 3462 1595 dominum
3493 1546 3644 1593 sese
3680 1545 3846 1592 vere

852 1632 1159 1726 judicet,
1201 1661 1422 1733 quare
1451 1656 1790 1735 agnoscat
1819 1657 2057 1714 tamen
2094 1667 2247 1714 sese
2278 1643 2824 1740 quodammodo
2854 1643 3302 1729 alienavisse,
3378 1672 3411 1706 ι(
3445 1641 3844 1755 erogavisse

859 1752 1129 1825 videri⁸
1140 1808 1156 1826 .

956 1877 1007 1967 §
1038 1881 1155 1947 Vl.
1215 1881 1508 1950 Privatae
1538 1878 1977 1953 liberalitatis
2020 1882 2247 1955 multa
2281 1883 2417 1955 alia
2447 1883 2774 1981 exempla
2805 1909 2892 1954 ex
2923 1882 3122 1954 ltalia
3168 1881 3486 1980 proferre
3517 1905 3837 1979 possem,

861 2000 995 2070 nisi
1032 1997 1315 2069 mallem
1360 2001 1724 2097 publicam
1775 2002 1968 2073 illam
2022 2005 2403 2101 attingere,
2460 2031 2685 2103 quum
2730 2006 2881 2100 jam
2932 2019 3001 2074 et
3047 2018 3238 2075 certa
3276 2006 3363 2074 sit
3393 2017 3480 2073 ‘et
3527 2007 3843 2101 Impera-

858 2119 1033 2188 toris
1066 2120 1362 2189 nomine
1402 2118 1554 2191 fiat.
1602 2119 1800 2191 Illam
1835 2136 2070 2193 autem
2100 2122 2192 2194 ad
2222 2125 2575 2220 ingenuos
2615 2139 2891 2195 tantum
2934 2148 3200 2220 pueros
3230 2136 3587 2219 spectare,
3624 2137 3841 2218 atque

859 2239 1183 2334 inprimis
1244 2239 1633 2333 legitimOS,
1713 2242 2005 2313 minime
2065 2245 2326 2315 mirum
2388 2260 2528 2334 est3
2592 2246 2931 2316 novimus
2980 2243 3176 2314 enim
3226 2243 3319 2313 ad
3371 2265 3613 2313 servos
3662 2241 3836 2311 nibil

856 2359 1119 2457 publici
1184 2358 1482 2431 subsidii
1542 2362 2001 2458 pertinuisse,
2068 2378 2317 2462 utpote
2378 2366 2503 2462 qui
2558 2366 2776 2436 solius
2836 2364 2992 2435 heri
3053 2365 3393 2462 impensis
3441 2364 3832 2450 alerentur;

856 2478 1125 2550 libertis
1162 2503 1332 2550 vero
1366 2505 1533 2550 cum
1567 2481 1767 2578 alapa
1804 2482 2116 2572 daretur,
2159 2484 2323 2555 ideo
2359 2498 2639 2555 tantum
2678 2484 2921 2556 addita
2967 2484 3302 2555 alimenta
3336 2498 3501 2554 sunt
3545 2494 3625 2553 'ut
3672 2485 3838 2555 satis

855 2599 1239 2671 commode
1275 2602 1593 2671 viverent
1611 2604 1653 2672 ⁴.
1704 2607 1892 2699 Ergo
1934 2628 2016 2674 ex
2071 2604 2396 2700 ingenuis
2443 2629 2797 2703 pauperes
2840 2603 3366 2701 quaerebantur,
3417 2604 3676 2701 quibus
3725 2604 3838 2673 in-

855 2721 1101 2819 primis
1135 2720 1708 2793 subveniendum
1746 2740 1894 2795 erat
1929 2725 2018 2815 si,
2065 2723 2261 2795 nulla
2296 2725 2588 2820 originis
2627 2724 2866 2795 habita
2897 2725 3200 2810 ratione,
3235 2726 3462 2795 solam
3496 2724 3833 2795 humani·

854 2854 1075 2913 tatem
1126 2841 1676 2933 attenderimuS,
1726 2844 1990 2914 omisso
2029 2870 2230 2915 more
2267 2845 2386 2937 illo
2427 2860 2497 2916 et
2537 2845 2692 2939 lege
2728 2868 2905 2940 qua,
2955 2845 3149 2942 apud
3181 2859 3451 2917 veteres
3484 2828 3828 2943 populos,

853 2988 1083 3061 prope
1130 2988 1381 3033 omnes
1428 2964 1691 3034 civium
1740 2964 2031 3035 ordines
2083 2964 2395 3035 distincti
2450 2979 2521 3036 et
2568 2967 2872 3062 separati
2924 2964 3427 3036 attinebantur.
3491 2967 3832 3037 Homines

936 3226 993 3281 1.
1034 3251 1057 3272 ιι
1083 3226 1484 3297 Remarquons
1512 3241 1625 3297 que
1654 3241 1748 3279 ces
1778 3222 2142 3299 expressions
2167 3245 2179 3278 z
2214 3226 2521 3280 domimum
2556 3225 2826 3279 directum
2854 3235 2910 3280 et
2935 3226 3243 3279 dominium
3274 3227 3434 3297 utile,
3471 3222 3830 3281 tres-usitees

851 3345 925 3382 au
954 3344 1165 3401 moyen
1194 3326 1323 3401 age,
1351 3324 1628 3382 viennent
1663 3324 2040 3402 uniquement
2069 3325 2140 3381 de
2168 3346 2234 3383 ce
2261 3346 2376 3403 que
2404 3325 2459 3384 le
2485 3326 2739 3403 premier
2765 3326 2902 3384 etait
2946 3326 3181 3404 protege
3223 3343 3329 3404 par
3368 3325 3596 3384 l'action
3634 3332 3693 3382 in
3714 3348 3828 3383 rem

849 3428 1088 3498 directe,
1114 3425 1482 3485 c'est-a-dire
1511 3447 1616 3505 par
1642 3426 1871 3484 l'action
1900 3433 1957 3483 in
1984 3449 2099 3484 rem
2128 3428 2320 3501 civile,
2342 3461 2423 3471 —
2444 3440 2500 3486 et
2524 3429 2579 3487 le
2607 3428 2841 3502 second,
2873 3447 2979 3505 par
3001 3428 3230 3486 l'action
3253 3433 3412 3499 mlle,
3434 3427 3829 3500 &est-adire,

851 3550 955 3608 par
981 3531 1015 3587 l’
1021 3530 1210 3589 action
1243 3536 1303 3586 1⁶11
1329 3551 1444 3586 rem
1486 3530 1857 3607 pretorienne
1887 3550 1963 3588 ou
1993 3530 2178 3588 action
2221 3529 2610 3608 publicienne.
2633 3529 2913 3602 Thibaut,
2945 3530 3089 3588 dans
3121 3550 3211 3588 ses
3241 3532 3538 3602 Ver-suche,
3564 3549 3600 3587 a
3636 3529 3744 3588 mis
3767 3550 3834 3588 ce

848 3631 1012 3710 point
1034 3651 1104 3689 en
1140 3631 1383 3689 lumiere
1412 3631 1465 3689 d’
1474 3651 1586 3690 une
1615 3632 1871 3690 maniere
1902 3632 2326 3709 remarquable.
2345 3637 2411 3691 T.
2433 3637 2510 3707 11,
2537 3636 2594 3693 3.
2620 3658 2646 3683 ι»
2671 3633 2948 3711 —Epist.
2979 3633 3367 3746 manuscripta
3395 3633 3705 3690 doctissimi
3728 3637 3836 3688 Ju-

847 3731 1175 3790 risconsulti
1198 3735 1463 3808 Capmas,
1492 3733 1832 3809 professoris
1856 3734 2088 3792 Divion.
2116 3739 2147 3791 J
2154 3755 2243 3794 ur
2282 3733 2462 3792 Acad

928 3838 988 3894 2.
1034 3840 1220 3893 Reate
1256 3835 1512 3894 sonciere
1540 3837 1918 3915 perpetuelle.

934 3941 987 3997 3.
1027 3937 1203 3995 Pauci
1237 3936 1375 3995 anni
1404 3938 1585 4017 elapsi
1614 3955 1748 3998 sunt
1775 3960 1849 3998 ex
1881 3961 1998 4018 quo
2025 3941 2144 3998 duo
2178 3941 2312 3999 libri
2345 3940 2418 3999 de
2447 3941 2891 4015 Emphyteotiet's
2915 3939 3145 4018 egregie
3173 3939 3368 4018 scripti
3403 3941 3681 4016 palmam,
3717 3946 3828 4000 Pa-

852 4039 1024 4109 risus,
1053 4038 1115 4097 in
1138 4038 1294 4096 Juris
1318 4038 1630 4099 Academia
1661 4041 1952 4100 tulerunt·
1941 4063 2236 4120 ,quorum
2263 4043 2507 4112 alterum
2543 4042 2604 4098 in
2631 4041 2817 4100 lucem
2847 4040 3096 4119 prodiit,
3128 4056 3362 4101 auctore
3387 4043 3619 4101 AEmilio
3653 4045 3832 4122 Pepin

850 4145 931 4200 Le
950 4142 1212 4212 Halleur,
1232 4142 1333 4219 qui
1358 4143 1417 4200 in
1445 4146 1527 4202 rei
1556 4145 1791 4220 quidem
1813 4145 2036 4204 viscera
2065 4145 2382 4220 descendit,
2407 4159 2465 4203 at
2488 4146 2677 4225 legem
2706 4146 2958 4203 maxime
2985 4159 3071 4203 est
3102 4160 3366 4220 secutus;
3396 4146 3640 4205 alterum
3665 4167 3828 4218 vero,

806 4290 811 4294 -
845 4260 1080 4306 auctore
1101 4250 1368 4324 Capmas‚
1397 4267 1514 4305 non
1540 4249 1901 4328 evulgatum,
1933 4251 2071 4308 latet
2095 4250 2247 4309 inter
2272 4255 2303 4307 J
2309 4250 2427 4308 uris
2450 4250 2775 4310 Academiae
2798 4250 3126 4329 parisiensis
3152 4250 3399 4321 chartaS,
3430 4263 3829 4310 sexcentarum

848 4350 1187 4430 paginarum
1213 4348 1381 4418 liber,
1404 4351 1503 4428 qui
1530 4371 1647 4410 non
1672 4353 1795 4411 sine
1819 4373 2029 4432 magno
2047 4353 2433 4433 investigandi
2461 4351 2662 4410 labore
2680 4349 2963 4409 conscribi
2992 4352 3198 4429 potuit,
3231 4352 3528 4430 magisque
3552 4350 3624 4407 ad
3643 4350 3832 4408 histo-

850 4453 991 4511 riam
1021 4473 1193 4529 qnam
1232 4454 1394 4531 prius
1436 4454 1580 4512 illud
1617 4468 1857 4533 spectat.
1892 4460 2071 4515 Tanta
2099 4477 2192 4514 me
2220 4477 2350 4515 cum
2382 4455 2736 4535 benignitate
2759 4455 2884 4533 ipse
2903 4454 3129 4534 excepit
3156 4453 3287 4511 libri
3307 4465 3531 4520 auctor,
3563 4453 3826 4511 doctissi-

849 4575 977 4613 mus
997 4556 1090 4613 vir
1115 4557 1382 4632 Capmas‚
1417 4558 1573 4615 suris
1600 4557 1660 4614 in
1693 4558 2002 4616 Academia
2030 4557 2370 4616 Divionensi
2399 4558 2713 4635 professor,
2755 4568 2818 4612 ut
2847 4573 3070 4614 mecum
3100 4575 3366 4614 sermone
3398 4556 3591 4614 omnia
3619 4557 3829 4633 quibus

848 4657 989 4715 mihi
1015 4678 1162 4735 opus
1196 4672 1345 4717 esset
1370 4659 1798 4719 communicare
1825 4679 1942 4718 non
1970 4660 2354 4733 dubitaverit3
2385 4679 2514 4737 quae
2543 4678 2653 4737 ego
2671 4657 2910 4740 ¹quidem
2932 4659 2993 4716 in
3014 4658 3126 4717 hoc
3146 4679 3324 4737 opere
3351 4660 3615 4737 superius
3641 4680 3828 4737 expo-

848 4778 986 4819 nere
1013 4774 1253 4820 conatus
1282 4782 1432 4822 sum.

928 4864 986 4915 4.
1037 4860 1122 4918 Cf.
1155 4863 1316 4939 Opus
1342 4861 1452 4919 viri
1484 4860 1637 4919 docti
1666 4863 2035 4920 H.Wallonis
2064 4884 2077 4919 ε
2113 4863 2364 4921 Histoire
2393 4862 2466 4922 de
2494 4863 2841 4943 l'esclavage
2869 4861 3011 4920 dans
3044 4861 3385 4939 l’antiquite.
3420 4866 3610 4937 Paris,
3646 4867 3821 4922 1847.

852 4987 876 5010 «ι
906 4964 987 5018 Le
1016 4973 1220 5037 patron
1250 4960 1386 5020 etait
1412 4975 1741 5040 protecteur
1762 4964 1987 5022 natur-el
2011 4964 2084 5021 de
2117 4984 2207 5023 ses
2229 4965 2645 5025 affranchis....
2671 4969 2759 5023 En
2786 4984 2882 5023 cas
2908 4962 2980 5022 de
3014 4963 3303 5035 minoritc,
3333 4963 3370 5020 il
3402 4963 3536 5021 etait
3563 4965 3767 5043 appele
3794 4969 3826 5022 a

843 5062 972 5119 leur
1000 5061 1200 5121 tutelle
1229 5063 1353 5140 qui,
1399 5064 1539 5123 chez
1567 5066 1650 5124 les
1675 5066 1947 5136 semines,
1986 5088 2059 5126 ne
2093 5068 2334 5127 linissait
2361 5068 2539 5146 qu’au
2575 5069 2866 5148 mariage3
2898 5066 3040 5125 dans
3066 5066 3120 5124 le
3150 5065 3374 5140 besoin,
3400 5067 3438 5124 il
3474 5067 3601 5125 leur
3632 5067 3827 5126 devait

844 5164 945 5222 des
973 5165 1275 5236 aliments;
1308 5170 1341 5224 a
1382 5167 1436 5226 la
1475 5182 1656 5238 mort,
1687 5170 1728 5227 il
1761 5169 1843 5228 les
1885 5171 2205 5229 recueillait
2237 5171 2379 5230 dans
2406 5172 2464 5232 le
2493 5171 2766 5231 tombeau
2792 5170 2867 5229 de
2895 5189 2958 5228 sa
2991 5168 3226 5230 famille.
3260 5196 3285 5222 κ
3318 5175 3382 5232 T.
3414 5175 3494 5244 11,
3529 5185 3677 5249 part.
3730 5175 3819 5242 11,
