5096 6425
2032 768 2424 838 ...25-

748 930 946 1028 prius
1003 930 1325 1000 Dictator
1379 929 1735 1024 (namque
1806 929 2163 999 Nomento
2226 953 2397 998 suus
2449 951 2734 1024 semper
2783 928 3103 1000 Dictator
3159 931 3396 1026 erat);
3459 927 3721 1001 deinde

737 1050 1225 1122 alimentarius
1276 1054 1599 1135 Quaestor
1653 1045 1842 1116 fuit¹.
1905 1050 2179 1119 Horum
2230 1073 2402 1120 vero
2453 1047 2634 1143 juris
2683 1050 3160 1149 municipium
3213 1048 3717 1124 tantummodo

740 1185 866 1241 aut
905 1170 1191 1240 colonia
1220 1182 1397 1238 erat.
2298 1158 2301 1163 ’

840 1294 891 1383 S
929 1294 1109 1361 VHI.
1164 1288 1299 1388 Ipsi
1341 1300 1581 1358 autem
1615 1286 1962 1385 parebant.
2001 1288 2454 1358 Procuratori
2496 1288 2761 1359 scilicet
2804 1288 2963 1384 qui,
3009 1291 3080 1360 in
3117 1291 3366 1378 titulis,
3416 1287 3558 1360 hoc
3590 1314 3719 1359 vo-

741 1410 1003 1484 cabulo
1056 1411 1165 1481 vel
1218 1408 1720 1479 alimentorum
1742 1464 1760 1498 ,
1822 1407 1933 1477 vel
1983 1407 2373 1499 alimoniae,
2425 1409 2538 1480 vel
2595 1408 2696 1479 ad
2744 1409 3122 1499 alimenta,
3193 1416 3720 1509 nonnunquam

740 1534 957 1604 etiam
999 1529 1087 1601 ab
1119 1529 1479 1600 alimentis
1520 1527 1981 1622 designatur3
2039 1528 2242 1622 cujus
2283 1528 2577 1626 quidem
2633 1529 3266 1601 administrationis
3305 1543 3539 1628 partes
3582 1529 3723 1602 late

744 1651 1109 1753 patebant.
1185 1650 1544 1722 Habemus
1606 1650 1799 1721 enim
1861 1653 2375 1719 Procuratores
2439 1649 2940 1720 alimentorum
2987 1676 3127 1746 per
3183 1646 3679 1745 Transpadum
3700 1703 3719 1739 ,

750 1772 1099 1840 Histriam
1154 1784 1229 1839 et
1275 1766 1684 1838 Liburniam
1710 1771 1768 1855 ²;
1807 1773 2318 1838 Procuratores
2365 1768 2467 1839 ad
2504 1769 2849 1840 alimenta
2899 1772 3200 1862 Bruttii,
3259 1767 3610 1840 Calabriae
3657 1783 3728 1837 et

748 1891 1060 1987 Apuliae⁸
1081 1920 1109 1977 ;
1146 1872 1660 1961 Procuratores
1691 1888 2198 1959 alimentorum
2246 1894 2366 1962 viae
2401 1896 2466 1961 F
2463 1891 2776 1963 laminiae
2797 1896 2841 1962 ⁴.

843 2015 1041 2105 5131.
1103 2011 1328 2081 ltaliae·
1355 2025 1857 2108 procuratores
1902 2013 2306 2082 Henzenius
2350 2011 2651 2110 putabat
2696 2038 2877 2110 saepe
2921 2013 3213 2085 eosdem
3258 2012 3465 2082 fuisse
3517 2025 3729 2105 atque

751 2134 1166 2218 Curatores,
1213 2143 1286 2200 at
1336 2129 1834 2227 inscriptiones
1866 2129 2128 2227 quibus
2163 2130 2315 2226 ejus
2358 2131 2799 2203 innitebatur
2830 2133 3079 2231 opinio
3114 2131 3549 2204 adulterinas
3580 2132 3731 2228 ipse

748 2263 996 2346 postea
1035 2248 1384 2344 judicavit
1408 2250 1454 2318 ³.
1506 2253 1889 2344 Nunquam
1946 2250 2140 2319 enim
2188 2265 2693 2348 procuratores
2740 2249 3201 2324 alimentariis
3257 2250 3510 2321 iisdem
3560 2274 3736 2337 mu-f

750 2368 1039 2440 neribus
1086 2368 1282 2464 prius
1326 2367 1607 2438 functos
1660 2367 1870 2439 fuisse
1915 2368 2177 2464 quibus
2228 2383 2300 2440 et
2351 2383 2720 2441 curatores
2766 2370 3227 2457 alimentarii‚
3271 2369 3394 2465 qui
3437 2367 3733 2465 quidem

747 2488 1097 2584 equestris
1122 2487 1397 2559 ordinis
1431 2503 1659 2580 erant,
1689 2512 1773 2558 ex
1808 2488 2389 2588 inscriptionibus
2420 2490 2778 2562 novimus.
2804 2495 3187 2561 Curatores
3218 2490 3435 2562 iidem
3456 2491 3735 2561 viarum

747 2622 819 2679 et
877 2608 1381 2679 alimentorum
1433 2622 1637 2678 erant
1685 2621 1756 2678 et
1807 2637 1842 2674 «
1872 2634 1999 2707 per
2051 2634 2346 2707 magnas
2382 2612 2594 2682 vias»
2645 2611 3282 2683 distribuebantur.
3338 2611 3456 2682 Isti
3497 2625 3736 2682 autem

755 2729 1135 2798 Curatores
1163 2726 1613 2797 alimentarii
1641 2727 1984 2822 majorem
2021 2754 2240 2825 quam
2285 2744 2792 2828 procuratores
2844 2731 3330 2826 magistratum
3368 2728 3730 2824 gerebant.

849 2849 899 2938 S
932 2851 1019 2917 X.
1077 2844 1355 2932 Quibus
1388 2859 1459 2915 et
1493 2845 1664 2942 ipsis
1696 2846 2162 2926 Curatoribus
2194 2847 2310 2921 alii
2356 2864 2707 2947 praeerant
2750 2851 3233 2946 magistratuS,
3273 2873 3458 2944 quos
3491 2853 3741 2948 lmpe-

755 2966 969 3036 ratori
1017 2964 1149 3037 soli
1196 2962 1588 3054 secundos,
1638 2964 2260 3038 alimentariorum
2296 2971 2704 3066 Praefectos,
2748 2995 2832 3041 ex
2879 2970 3292 3064 conjectura
3335 2969 3733 3065 Burghesii,

754 3083 1297 3183 appellabimuS.
1334 3086 1673 3155 Summus
1704 3086 1899 3156 enim
1932 3084 2046 3155 ille
2075 3086 2176 3156 rei
2212 3087 2686 3186 epigraphicae
2718 3087 2983 3159 arbiter
3013 3087 3187 3158 tales
3219 3088 3560 3159 exstitisse
3589 3113 3742 3160 ma-

694 3254 698 3257 <
752 3205 1081 3301 gistratus
1125 3202 1503 3275 confirmat
1538 3229 1935 3301 eorumque
1973 3230 2271 3277 munera
2306 3204 2644 3277 describit
2668 3208 2689 3243 ⁸
2725 3233 2740 3276 ε
2783 3206 3152 3303 pactiones
3183 3205 3231 3276 ii
3264 3231 3432 3277 cum
3479 3205 3741 3277 fundo-

759 3350 917 3395 rum
952 3324 1264 3397 dominis
1292 3324 1417 3421 qui
1448 3349 1579 3396 sua
1610 3323 1801 3396 bona
1844 3326 2128 3422 pignori
2162 3326 2631 3425 opponebant
2663 3325 2843 3423 (hoc
2897 3324 3119 3396 modo
3170 3324 3609 3422 hypotheca,
3667 3337 3742 3395 ut

757 3446 853 3516 ita
901 3444 1176 3542 dicam,
1230 3444 1623 3544 suscepta),
1668 3447 2118 3543 Imperatoris
2164 3447 2458 3519 nomine
2502 3447 2858 3519 faciendas
2890 3446 3291 3539 curabant,
3344 3444 3620 3542 solique
3669 3445 3738 3516 in

759 3564 1110 3661 pactionis
1150 3564 1457 3636 formula
1498 3563 2117 3660 designabantur⁷.
2170 3570 2397 3663 Atque
2439 3566 2538 3638 ibi
2575 3567 2870 3664 quidem
2896 3620 2915 3656 ,
2963 3566 3127 3639 licet
3173 3590 3323 3636 non
3363 3579 3747 3661 usurpetur

759 3684 1066 3783 praefecti
1098 3683 1533 3756 vocabulum
1559 3739 1579 3777 ,
1628 3711 1779 3757 non
1825 3687 2039 3757 iidem
2086 3701 2324 3758 tamen
2370 3688 2482 3758 isti
2525 3701 2740 3784 atque
2773 3700 3140 3758 curatores
3177 3685 3324 3758 ullo
3362 3684 3586 3757 modo
3617 3685 3744 3757 ha·

843 3925 901 3979 1.
933 3923 1192 3979 Henzen.
1234 3916 1281 4000 S
1304 3940 1436 3977 vm.
1831 3929 1871 3979 1)
1907 3948 1920 3962 ·
1954 3928 2283 3980 VALERIVS
2317 3948 2330 3962 ·
2367 3928 2407 3979 D
2442 3948 2457 3962 ·
2492 3928 2531 3979 F
2567 3948 2581 3962 ·
2616 3927 2745 3979 COR

1765 4027 2100 4083 Paocvnvs
2133 4052 2150 4066 ·
2182 4032 2383 4083 mnu.
2417 4051 2432 4066 ·
2469 4030 2804 4083 mc‘rsson

1802 4133 2059 4193 QVAEST
2095 4154 2110 4168 ·
2144 4131 2650 4198 Aunmronvn,
2681 4137 2806 4183 etc.

842 4250 899 4304 2.
933 4249 1129 4320 Grut.‚
1160 4268 1219 4326 p.
1255 4250 1395 4320 402,
1424 4252 1483 4307 4.
1507 4281 1589 4291 —
1612 4249 1899 4321 Mafseius‚
1930 4256 2080 4311 Mus·
2105 4256 2270 4324 Ver.,
2289 4254 2439 4325 462,
2467 4253 2527 4310 2.
2548 4283 2630 4296 —
2647 4248 3023 4308 Kellermann
3043 4290 3060 4319 ,
3087 4266 3146 4324 p.
3175 4249 3272 4304 u.
3290 4227 3370 4289 —‘-
3395 4249 3531 4302 Haec
3553 4257 3744 4302 autem

764 4348 1059 4425 inscriptio
1085 4368 1257 4426 quam
1288 4348 1615 4407 Henzenius
1641 4351 1905 4425 exhibet,
1931 4353 2125 4426 judice
2150 4359 2345 4414 Leone
2371 4353 2647 4424 Reniem,
2670 4370 2778 4409 nec
2806 4349 2879 4408 ad
2914 4349 3164 4427 primum
3192 4366 3300 4404 nec
3326 4345 3400 4404 ad
3427 4345 3744 4403 secundum

762 4450 1032 4509 saeculum
1064 4450 1332 4529 pertinet.
1953 4463 1956 4467 ’

848 4554 903 4608 3.
937 4553 1134 4623 Grut.,
1160 4572 1221 4630 p.
1255 4554 1476 4627 411,1.

846 4655 903 4711 4.
932 4654 1305 4726 Muratorius,
1330 4674 1392 4733 p.
1425 4658 1566 4730 736,
1599 4661 1658 4715 4.

849 4761 907 4816 5.
938 4761 1222 4830 Hemen„
1257 4756 1304 4837 S
1343 4778 1429 4817 ιι.
1467 4764 1633 4818 PROC
1681 4786 1695 4800 ·
1738 4767 1986 4821 ALIMON
2030 4789 2044 4803 ·
2088 4769 2302 4821 CVRAT
2347 4788 2360 4802 ·
2394 4767 2576 4819 VIAR.
2607 4791 2689 4803 -—
2715 4762 2953 4829 Mun-at„
2997 4756 3189 4825 2024,
3225 4754 3282 4811 1.
3334 4753 3474 4827 Quae
3513 4749 3749 4828 quidem

762 4858 962 4935 spuria
990 4858 1288 4939 inscriptio
1307 4875 1415 4924 est.

851 4963 910 5020 6.
943 4961 1173 5019 Bullett.
1207 4963 1340 5023 dell'
1372 4966 1557 5025 Instit.
1595 4966 1653 5026 di
1685 4971 1927 5047 corrisp.
1962 4969 2218 5028 archeol.
2251 4973 2457 5027 Roma.
2491 4968 2671 5025 184⁴.

850 5067 908 5119 7.
945 5062 1031 5121 Cf.
1071 5062 1349 5123 Tabulam
1380 5068 1721 5129 veleiatium
1751 5093 1764 5128 ε
1799 5071 1910 5129 col.
1943 5092 2011 5146 11,
2042 5072 2085 5134 l.
2118 5074 2229 5146 373
2258 5069 2474 5128 —coL
2506 5089 2599 5142 m,
2629 5067 2671 5128 Ι.
2705 5069 2780 5124 13
2805 5077 2860 5124 et
2891 5067 3004 5138 533
3035 5095 3107 5107 —
3138 5060 3251 5119 col.
3283 5080 3347 5134 v,
3370 5057 3410 5116 1.
3447 5062 3521 5117 38
3549 5069 3608 5115 et
3638 5061 3746 5130 57;

769 5198 842 5208 -
867 5164 982 5225 coi.
1014 5185 1124 5238 vn,
1155 5166 1195 5222 1.
1234 5169 1298 5225 31
1339 5180 1396 5226 et
1422 5187 1543 5247 seq.

3407 5265 3442 5319 4
