5096 6425
2542 760 2937 831 -42-

1259 940 1607 998 monstrat
1650 925 2120 996 Henzenius¹.
2184 923 2459 994 Eodem
2500 946 2729 1013 ann0,
2783 923 3264 1021 Neapolitanis
3312 922 3496 993 Actis
3535 917 4060 1016 archaeologicis
4106 918 4240 989 ob-

1256 1046 1692 1118 servationes
1730 1044 2220 1115 Henzenianas
2258 1044 2552 1115 inseruit
2586 1047 2670 1113 R.
2705 1048 2785 1115 Ρ.
2814 1044 3305 1114 Garmccins'.

1356 1172 1408 1261 g
1462 1171 1645 1238 XIII.
1708 1170 1785 1236 In
1829 1166 2010 1236 Actis
2055 1179 2296 1238 autem
2352 1166 2659 1236 Instituti
2705 1165 3020 1256 romani,
3081 1163 3341 1236 eodem
3390 1188 3585 1236 anno
3606 1167 3652 1253 ⁸,
3701 1162 3945 1235 scribit
3981 1180 4051 1237 et
4090 1168 4240 1264 ipse

1256 1288 1771 1361 Mommsenius
1804 1285 1961 1382 quis
1994 1299 2207 1377 esset,
2255 1285 2327 1354 in
2363 1284 2829 1382 Hirpinorum
2872 1283 3188 1379 regione,
3226 1282 3556 1353 locorum
3588 1282 3784 1370 situS,
3821 1296 4022 1353 notat
4053 1309 4244 1382 quae-

1260 1410 1429 1481 dam
1459 1406 1890 1502 singillatim,
1924 1430 2154 1503 pauca
2192 1404 2283 1475 de
2313 1404 2654 1499 Ligurum
2689 1402 3185 1476 Baebianorum
3212 1402 3412 1492 locis,
3454 1426 3739 1473 summo
3774 1426 3937 1473 cum
3966 1404 4241 1499 judicio

1259 1546 1329 1601 et
1366 1553 1620 1624 magna
1655 1526 2016 1617 doctrina,
2057 1526 2372 1624 exponit.

1357 1649 1408 1737 ἓ
1440 1650 1621 1715 XIV.
1666 1650 1871 1714 Anno
1901 1645 2116 1731 1849,
2158 1643 2565 1714 Henzenius
2598 1643 2867 1739 aliquid
2899 1643 3158 1740 adjecit
3188 1642 3280 1713 de
3307 1643 3919 1715 administratione
3947 1643 4243 1715 alimen-

1261 1766 1438 1836 taria
1483 1764 1627 1835 suis
1681 1762 2305 1834 observationibus
2354 1787 2547 1834 anno
2588 1765 2776 1836 1845
2821 1763 3122 1859 vulgatis
3140 1766 3183 1833 δ.
3243 1766 3400 1834 Jam
3450 1778 3520 1834 et
3573 1764 4071 1860 inscriptiones
4115 1763 4245 1834 ali-
4299 1811 4306 1817 ›

1244 1880 1440 1981 'quot
1472 1909 1557 1955 ex
1592 1907 1808 1981 opere
1841 1881 1915 1953 d.
1948 1882 2204 1952 Violae⁸
2237 1882 2560 1979 protulit.
2595 1925 2692 1936 —
2726 1887 2804 1952 In
2839 1882 3323 1953 Bruxellarum
3355 1897 3594 1953 autem
3624 1882 4020 1954 Annalibus
4053 1907 4244 1954 non-

1264 2004 1440 2075 nihil
1478 2006 1819 2102 scriptum
1856 2016 1961 2073 est
1994 2026 2141 2098 quo
2176 2003 2518 2073 Henzenii
2556 2002 2648 2073 de
2687 2003 2824 2074 hac
2865 2028 2942 2074 re
2973 2002 3301 2074 doctrina
3343 2003 3831 2100 impugnatur.

1360 2128 1411 2218 S
1446 2129 1598 2196 XV.
1644 2128 1853 2205 Anno
1892 2125 2107 2214 1850,
2150 2121 2447 2194 Carolus
2469 2122 2648 2214 Zell,
2704 2123 2775 2192 in
2811 2123 3104 2194 Delectu
3141 2147 3274 2193 suo
3317 2123 3869 2221 inscriptionum
3916 2148 4245 2195 romana-

1263 2272 1451 2334 rum,
1492 2269 1717 2343 pauca
1747 2243 1837 2315 de
1864 2243 2337 2314 Alimentariis
2368 2243 2736 2331 disseruit,
2781 2242 3006 2345 libros
3042 2242 3305 2314 multos
3340 2244 3696 2315 recensuit
3738 2243 3830 2316 ad
3870 2244 4059 2317 hanc
4093 2270 4245 2317 rem

1266 2368 1724 2465 pertinenteS,
1758 2366 2267 2463 specimenque
2301 2364 2673 2461 utriusque
2710 2366 3191 2462 inscriptionis
3233 2362 3532 2462 praebuit
3558 2366 3601 2434 ⁶.

1361 2491 1412 2578 S
1451 2491 1632 2557 XVI.
1701 2491 1906 2556 Anno
1948 2486 2174 2573 1852,
2244 2498 2468 2554 totam
2523 2485 2867 2556 Tabulam
2914 2486 3250 2582 Ligurum
3320 2486 3626 2582 primm,
3698 2485 3977 2583 plenius
4027 2510 4245 2582 quam

1264 2621 1473 2677 antea
1524 2605 1675 2676 fleri
1736 2617 2097 2702 potuerat,
2166 2619 2626 2701 expurgatam
2689 2605 3288 2701 emendatamque
3347 2605 3419 2676 in
3472 2629 3735 2699 magno
3779 2605 3900 2676 illo
3942 2630 4246 2703 corpore

1164 2702 1169 2707 ’
1267 2726 1813 2823 inscriptionum
1847 2723 2474 2821 Neapolitanarum
2510 2723 2738 2794 edidit
2773 2725 3285 2794 Mommsenius
3312 2725 3359 2794 ⁷.

1365 2850 1402 2937 §
1437 2849 1650 2915 XVII.
1694 2844 2018 2939 Denique
2051 2842 2125 2913 in
2163 2842 2345 2913 libro
2382 2866 2628 2937 quem,
2670 2858 2834 2942 post
2871 2843 3261 2916 Beckerum
3295 2844 3550 2938 insigni
3580 2843 3943 2939 diligentia
3977 2842 4249 2942 perlicit

1266 2963 1813 3061 MarquardtiuS‚
1844 2961 2112 3060 aliquid
2146 2963 2401 3059 legitur
2424 2963 2512 3034 de
2537 2963 2987 3036 alimentaria
3019 2966 3492 3054 institutione,
3515 2963 3928 3037 brevissime
3952 2963 4247 3061 quidem

1266 3083 1392 3154 sed
1435 3082 1962 3154 accuratissime
2010 3081 2377 3179 scriptum.
2424 3080 2529 3151 lbi
2567 3080 2647 3153 fit
2676 3081 2766 3154 de
2806 3097 3105 3178 utraque
3137 3080 3401 3155 Tabula
3440 3086 3737 3173 mentio,
3799 3108 3931 3153 uec
3978 3106 4126 3151 non
4177 3093 4246 3148 et

1266 3201 1622 3273 indicatur
1656 3200 2007 3298 quidquid
2042 3200 2171 3271 fuit
2205 3200 2457 3273 eadem
2494 3199 2585 3273 de
2621 3227 2698 3273 re
2730 3202 2925 3300 prius
2960 3202 3326 3297 vulgatum
3341 3204 3388 3273 ⁸.

1365 3327 1416 3416 g
1474 3327 1722 3393 XVIII.
1791 3321 2072 3408 Quibus
2139 3337 2210 3393 et
2275 3321 2608 3393 addenda
2692 3336 2860 3391 sunt
2924 3323 3274 3393 nonnulla
3343 3347 3501 3418 quae
3571 3322 3664 3393 ad
3733 3321 4249 3393 alimentariam

1267 3443 1784 3515 institutionem
1853 3444 2212 3540 pertinent
2279 3466 2499 3539 opera
2522 3498 2540 3533 ,
2610 3466 3025 3539 quanquam
3097 3466 3350 3514 eorum
3414 3443 3598 3514 tituli
3657 3443 3748 3514 de
3818 3442 3971 3515 aliis
4035 3442 4249 3515 etiam

1268 3560 1481 3632 rebus
1527 3560 1628 3631 ibi
1672 3560 2113 3656 disputatum
2168 3585 2319 3632 esse
2371 3560 2739 3632 declarant
2764 3615 2783 3652 ,
2844 3562 3048 3632 sicuti
3098 3577 3265 3632 sunt
3310 3585 3531 3660 opera
3582 3560 3996 3658 Spanbemii
4021 3566 4079 3650 ⁹,
4139 3561 4252 3630 Pi-

1351 3855 1409 3907 1.
1442 3848 1675 3907 Bullett.
1712 3849 1988 3921 GennaiO,
2018 3850 2200 3918 1847,
2229 3868 2288 3927 p.
2315 3851 2370 3908 8.

1350 3955 1409 4009 2.
1446 3948 1678 4008 Bullett.
1705 3947 1913 4027 Napol.
1939 3957 2005 4006 n⁰
2032 3951 2302 4020 LXXIX,
2334 3968 2394 4026 p.
2430 3951 2528 4007 69.

1353 4057 1409 4111 3.
1442 4051 1673 4110 Bullett.
1706 4070 1883 4123 rom.‚
1914 4054 2096 4123 18⁴7,
2129 4049 2470 4111 novembre.

1352 4154 1409 4207 4.
1441 4148 1831 4209 Additamenti
1863 4171 1896 4210 e
1924 4151 2241 4210 correzioni
2275 4151 2375 4210 all·
2400 4152 2640 4211 articolo
2683 4153 2833 4232 sugli
2876 4153 3136 4213 alimenti
3170 4153 3423 4235 pubblici
3452 4155 3544 4215 dei
3582 4154 3846 4214 Romani.
3880 4153 4090 4213 Annali
4127 4153 4256 4210 del-

1269 4250 1586 4310 I'Instituto
1614 4249 1674 4308 di
1701 4250 2185 4328 corrispondenza
2205 4253 2458 4312 archeol.
2492 4257 2673 4313 1849.

1351 4357 1409 4412 5.
1439 4351 1624 4410 Tivoli
1650 4351 1744 4409 nel
1775 4350 2055 4411 decennio
2082 4352 2238 4411 dalla
2255 4353 2592 4414 deviazione
2621 4354 2713 4413 del
2745 4357 2920 4417 fiume
2947 4357 3170 4418 Aniene
3195 4360 3289 4419 nel
3317 4362 3532 4420 trasoro
3560 4358 3650 4418 del
3680 4372 3872 4418 monte
3894 4357 4100 4417 Catillo
4132 4357 4250 4416 ecc.

1269 4474 1378 4512 con
1408 4455 1461 4512 Ia
1493 4454 1642 4513 serie
1672 4454 1731 4511 di
1760 4456 1975 4514 antichi
2002 4456 2361 4515 monumenti
2393 4457 2592 4520 scritti.
3974 4461 3980 4470 ¹

1353 4561 1409 4614 6.
1446 4557 1715 4616 Delectus
1738 4557 2178 4639 inscriptionum
2206 4580 2579 4621 romanarum
2604 4584 2734 4623 cum
2757 4565 3144 4624 monumentis
3170 4565 3474 4647 legalibuS,
3498 4564 3676 4624 edidit
3698 4563 3936 4623 Carolus
3957 4562 4102 4635 Zell,
4129 4583 4261 4641 pro-

1273 4661 1454 4717 fessor
1486 4660 1874 4718 universitatis
1904 4661 2425 4744 Heidelbergensis.
2468 4664 2877 4744 Heidelbergoe,
2909 4688 3155 4726 κυοῦσι..
3186 4702 3269 4713 -
3293 4672 3385 4729 Id.
3418 4664 3743 4726 Handbuch
3776 4664 3880 4725 der
3897 4665 4262 4722 Roemischen

1270 4760 1654 4840 Epigraphik‚
1686 4762 2051 4841 Heidelberg,
2085 4787 2358 4824 uncchn
2378 4812 2394 4838 ‚
2424 4766 2466 4826 l.
2493 4773 2574 4842 Π,
2611 4789 2671 4848 p.
2703 4773 2843 4829 292.

1356 4870 1411 4924 7.
1449 4864 1858 4944 Inscriptiones
1883 4868 2049 4946 regni
2081 4871 2439 4948 Neapolitani
2467 4872 2680 4932 latinae.
2712 4880 2943 4950 Lipsiae,
2978 4878 3157 4938 1852.

1357 4973 1415 5025 8.
1457 4967 1782 5028 Handbuch
1813 4969 1918 5029 der
1946 4971 2287 5032 roemischen
2316 4975 2738 5049 Alterthiimer,
2769 4980 2877 5040 111.
2910 4978 3108 5051 Theil,
3137 4999 3203 5035 11.
3235 4974 3591 5055 Abtheilung
3613 4976 3815 5048 (1853)
3845 4998 3858 5030 :
3893 4978 4012 5033 Der
4038 4977 4258 5035 Staats-

1273 5071 1573 5147 haushah,
1603 5076 1681 5133 11.
1714 5072 2019 5134 Abschnitt
2050 5098 2063 5133 ε
2095 5077 2205 5136 Die
2232 5077 2540 5157 Ausgaben
2573 5078 2674 5139 des
2701 5084 2922 5141 Staates
2948 5084 3031 5161 (p.
3066 5083 3385 5156 112-118).

1357 5177 1416 5232 9.
1447 5173 1783 5254 Spanheim.
1826 5182 1916 5238 De
1942 5200 2050 5239 usu
2080 5193 2137 5241 et
2158 5182 2485 5261 praestantia
2510 5184 2922 5245 numismatum
2950 5185 3177 5245 dissert.
3209 5189 3287 5261 11,
3325 5205 3385 5263 p.
3420 5185 3554 5243 543.
