5096 6425
2132 744 2329 816 ...23
2377 760 2495 802 ...-

923 911 973 1001 5
1007 912 1124 979 IV.
1164 911 1739 983 Commentarios
1771 935 1942 982 suos
1974 910 2065 982 de
2103 912 2580 1009 Inscriptione
2623 908 2920 1010 protulit
2964 908 3221 981 eodem
3255 935 3452 983 anno
3485 916 3810 985 Murato-

821 1029 1002 1118 rius,
1054 1033 1126 1102 in
1166 1034 1430 1130 quibus
1470 1058 1802 1130 magnam
1835 1034 1981 1104 vim
2014 1033 2357 1105 doctrinae
2390 1034 2781 1132 expromit,
2821 1055 3236 1129 quanquam
3279 1032 3394 1104 ille
3426 1034 3807 1129 Trajanum

825 1152 1283 1224 institutionis
1334 1154 1944 1226 alimentariorum
1998 1153 2162 1225 facit
2222 1168 2639 1247 auctorem,
2697 1178 2917 1250 quam
2964 1150 3186 1224 hodie
3234 1157 3478 1224 Nervae
3533 1156 3806 1226 auctori

824 1293 977 1340 esse
1019 1270 1567 1343 adscribendam
1608 1274 1988 1362 novimus;
2040 1272 2244 1369 quod
2285 1272 2581 1369 quidem
2628 1269 3060 1370 opusculum
3105 1271 3386 1369 repetiit
3426 1272 3690 1343 Gorius
3734 1273 3806 1344 in

825 1388 1184 1487 Symbolis
1215 1391 1571 1464 litterariis
1588 1397 1631 1462 ¹.

921 1514 973 1604 5
1015 1515 1097 1582 V.
1154 1512 1295 1583 Sed
1330 1513 1819 1612 Inscriptionis
1866 1513 2052 1613 fama
2095 1512 2288 1611 apud
2322 1511 2566 1584 Gallos
2613 1526 3053 1611 pervaserat,
3101 1527 3171 1584 et
3207 1511 3402 1584 doct.
3440 1517 3807 1585 Terrasso·

826 1632 987 1702 nius
1035 1632 1365 1704 eamdem
1418 1635 1768 1731 integram
1823 1632 2164 1732 protulit,
2229 1657 2424 1704 anno
2481 1635 2708 1723 4750,
2771 1658 2999 1730 quum
3039 1632 3350 1731 plurima
3392 1633 3809 1730 hujusmodi

829 1753 1298 1826 instrumenta
1330 1755 1654 1826 Historiae
1691 1780 1835 1827 suae
1860 1755 2042 1851 juris
2076 1754 2300 1826 civilis
2337 1752 2825 1849 subjungeret.

922 1876 973 1967 5
1000 1877 1116 1945 VI.
1156 1859 1434 1947 Eodem
1464 1875 1684 1946 ferme
1716 1891 2066 1974 tempore,
2105 1876 2178 1946 in
2213 1875 2357 1946 suis
2386 1873 2758 1946 Placentiae
2780 1873 3170 1947 Annalibus
3193 1875 3592 1972 Poggialius
3624 1899 3809 1947 non-

826 1993 1005 2067 nihil
1046 1994 1138 2066 de
1167 1995 1435 2067 Tabula
1461 1997 1881 2069 Veleiatium
1918 1996 2220 2095 scripsit.

922 2119 974 2209 5
1014 2120 1166 2187 VII.
1235 2122 1441 2188 Anno
1497 2119 1684 2191 1757
1738 2121 1959 2189 Conr.
2023 2116 2362 2214 Stiglitius
2413 2115 2844 2215 opusculum
2902 2116 2992 2188 de
3044 2096 3487 2190 alimentaria
3542 2116 3813 2192 Tabula

827 2237 1100 2310 Altorfii
1134 2237 1430 2330 edidit²;
1472 2239 1545 2309 in
1579 2263 1752 2336 quo,
1783 2237 1984 2336 quod
2015 2239 2106 2310 ad
2134 2239 2251 2335 jus
2279 2262 2661 2310 romanum
2696 2238 3038 2336 pertinet,
3075 2238 3374 2338 propius
3419 2236 3510 2309 ad
3544 2254 3812 2324 certam
3931 2222 3932 2227 ἵ

826 2359 927 2428 rei
991 2356 1565 2455 explanationem
1633 2383 1852 2456 quam
1917 2359 2319 2457 superiores
2378 2356 2477 2427 illi
2537 2356 2816 2429 videtur
2865 2355 3232 2430 accedere.
3303 2362 3513 2428 Hunc
3571 2372 3811 2430 autem

825 2478 1146 2552 libellum
1180 2483 1412 2551 Lamae
1445 2478 1657 2551 fuisse
1695 2479 2020 2575 ignotum
2054 2493 2231 2578 puto
2253 2481 2301 2551 ⁸.

927 2604 977 2694 5
1015 2605 1198 2670 VIII.
1260 2604 1586 2672 Donatus
1621 2615 1692 2671 et
1727 2600 1880 2699 ipse
1923 2601 2008 2671 iis
2046 2600 2266 2672 ferme
2300 2599 2751 2698 temporibus
2781 2599 3129 2673 Tabulam
3156 2597 3580 2671 Veleiatium
3615 2602 3813 2673 exhi·-

832 2723 990 2794 buit
1035 2723 1107 2793 in
1147 2722 1731 2794 suo'shesauro‘.
1794 2732 1797 2735 ’
3708 2806 3711 2808 v

926 2845 977 2936 5
1012 2848 1132 2913 ΙΧ.
1182 2848 1375 2915 Dum
1417 2843 1607 2916 hanc
1652 2869 1805 2915 rem
1850 2843 2047 2915 docti
2088 2843 2422 2915 homines
2471 2857 2732 2940 agunt,
2779 2866 2973 2914 anno
3012 2844 3239 2928 1760,
3286 2842 3454 2914 maii
3506 2846 3622 2916 48·
3657 2841 3807 2934 die,

831 2962 1207 3060 epistolam
1268 2962 1359 3034 de
1407 2962 1673 3035 Tabula
1729 2963 1819 3034 ad
1883 2964 2278 3035 Parmensis
2346 2963 2628 3061 imperii
2692 2962 3100 3032 ministrum
3157 2964 3370 3032 Costa
3426 2962 3817 3034 canonicus

831 3085 1147 3182 scripsit,
1187 3108 1344 3180 quae
1379 3083 1505 3154 fuit
1541 3084 1976 3182 pervulgata.
2016 3083 2293 3178 Eodem
2330 3107 2552 3174 ann0,
2590 3085 2661 3154 3·
2680 3082 2797 3153 die
2822 3082 3043 3178 junii,
3084 3079 3177 3153 ad
3204 3081 3541 3153 eumdem
3573 3083 3817 3155 minis-

833 3231 1023 3290 trum
1058 3216 1324 3287 litteras
1355 3216 1543 3287 misit
1579 3212 2005 3310 Poggialius.
2048 3211 2387 3310 Ejusdem
2420 3226 2665 3283 autem
2701 3211 2964 3282 mensis
2999 3214 3068 3282 5·
3102 3209 3258 3302 die,
3309 3210 3405 3283 ad
3441 3236 3603 3285 can.
3640 3217 3814 3285 Cos-

829 3354 976 3413 tam
1031 3337 1387 3436 rescripsit
1442 3335 1786 3407 minister.
1848 3333 2124 3405 Eodem
2175 3357 2408 3424 anun,
2466 3334 2534 3404 8·
2579 3332 2696 3403 die
2737 3332 2957 3430 junii,
3028 3334 3381 3432 rescripsit
3438 3334 3591 3432 ipse
3645 3358 3809 3407 can.

831 3464 1069 3534 Costa.
1130 3459 1676 3557 Inscriptionem
1726 3456 1959 3546 enim,
2011 3450 2395 3554 postquam
2437 3454 2732 3527 diversae
2792 3480 3003 3526 aeneae
3055 3454 3316 3528 tabulae
3367 3470 3603 3554 partes
3651 3470 3818 3554 apte

834 3594 1341 3679 coagmentatae
1377 3578 1703 3670 fuerunt,
1746 3576 2004 3649 Infanti
2036 3574 2403 3675 Philippo,
2435 3576 2801 3646 Parmensi
2835 3575 3038 3668 duci,
3078 3576 3337 3649 eodem
3372 3600 3567 3649 anno
3593 3577 3809 3667 1760,

830 3715 994 3776 can'.
1033 3704 1246 3772 Costa
1279 3698 1661 3771 obtulerat.
1707 3698 1881 3770 Inde
1917 3698 1991 3768 in
2027 3699 2360 3770 Farnesio
2397 3697 2662 3796 palatio
2699 3697 3050 3770 collocata
3087 3713 3216 3770 est.

930 3823 981 3912 5
1014 3824 1103 3891 Χ.
1149 3816 1487 3889 Nondum
1524 3831 1761 3891 tamen
1788 3804 2171 3914 quisquam
2204 3818 2279 3889 id
2316 3834 2465 3891 erat
2497 3834 2860 3890 assecutus
2896 3835 2974 3890 ut
2996 3819 3341 3892 Tabulam
3373 3834 3563 3892 recte
3596 3821 3813 3893 inter-

913 4155 970 4208 1.
1007 4148 1150 4208 Dell’
1176 4147 1403 4227 insigne
1425 4145 1642 4205 Tavola
1668 4143 1728 4202 di
1759 4143 1980 4203 bronzo
2021 4154 2309 4221 spettante
2348 4141 2404 4200 ai
2444 4139 2704 4198 fanciulli
2746 4158 2780 4198 e
2812 4139 3085 4198 sanciulle
3125 4140 3448 4215 alimentarj
3484 4141 3544 4200 di
3568 4142 3814 4216 Trajano

832 4257 1093 4333 Augusto
1120 4251 1254 4310 nell'
1283 4249 1484 4322 Italia,
1517 4248 1909 4307 dissotterrata
1934 4246 2031 4306 nel
2066 4245 2354 4305 territorio
2394 4244 2455 4302 di
2495 4244 2800 4318 Piacenza‚
2845 4243 3042 4301 l'anno
3078 4247 3254 4303 1747.
3295 4249 3489 4305 Intera
3526 4246 3808 4307 edizione.

830 4355 1198 4436 Esposizione
1227 4355 1364 4413 satta
1395 4353 1469 4412 da
1494 4352 1751 4413 Antonio
1771 4351 2068 4411 Lodovitzo
2094 4348 2373 4410 Muratori
2389 4394 2407 4423 ,
2438 4362 2548 4408 etc.
2582 4381 2664 4394 ——
2689 4348 2928 4428 Legitur
2949 4348 3074 4407 haec
3100 4347 3424 4408 dissertatio
3451 4351 3513 4409 in
3541 4351 3815 4423 symbolis

834 4466 1127 4518 litterariis
1153 4457 1342 4530 Gorii,
1372 4456 1492 4514 vol.
1510 4460 1581 4527 V,
1613 4455 1716 4533 qui
1742 4468 1801 4515 et
1824 4457 1949 4535 ipse
1976 4453 2321 4533 expositioni
2339 4451 2646 4511 Muratorii
2674 4451 2950 4530 praemisit
2981 4471 3157 4530 supra
3184 4452 3462 4530 scriptum
3489 4454 3809 4534 exemplar,

826 4566 908 4624 sic
934 4565 1147 4624 iterum
1177 4561 1606 4642 pervulgatum,
1637 4559 1844 4618 eodem
1872 4578 2025 4617 anno
2053 4561 2230 4616 1749.

910 4671 973 4725 2.
1006 4673 1091 4727 De
1114 4686 1221 4725 usu
1252 4685 1319 4724 ac
1353 4664 1679 4744 praestantia
1705 4661 1939 4721 'rabulae
1965 4660 2224 4733 Traianae
2255 4660 2315 4717 in
2336 4659 2472 4733 jure
2506 4677 2750 4717 romano
2788 4658 3062 4737 praefatus
3090 4657 3349 4738 auspicia
3385 4662 3642 4721 muneris
3665 4662 3814 4737 juri·

827 4771 944 4830 dici
978 4772 1039 4829 in
1068 4769 1379 4828 Academia
1405 4769 1687 4827 Altorfina
1714 4787 1768 4826 a.
1796 4765 1855 4825 d.
1882 4785 1945 4824 x1
1963 4762 2269 4824 novembr.
2303 4766 2399 4821 clo
2427 4765 2683 4820 Ioccnvn
2711 4760 3047 4820 solemniter
3077 4759 3360 4840 capienda
3381 4761 3685 4821 adnuntiat
3713 4767 3808 4822 Jo.

827 4873 1124 4934 Conradus
1153 4871 1367 4952 Stigliz.
1388 4873 1507 4947 jur.
1543 4884 1657 4931 utr.
1687 4868 1866 4943 doct.,
1896 4881 2006 4927 etc.

912 4980 969 5036 3.
1004 4982 1309 5036 Ernestum
1341 4973 1756 5054 spangenberg
1780 4992 1901 5032 non
1932 4970 2097 5030 latuit
2127 4993 2142 5028 t
2172 4970 2329 5030 Iuris
2355 4969 2581 5030 romani
2617 4967 2849 5028 Tabulae
2873 4968 3241 5049 negotiorum
3269 4966 3633 5029 solemnium.
3671 4973 3815 5046 Lip-

824 5086 945 5151 siae‚
978 5080 1159 5152 1822,
1192 5082 1323 5151 vll,
1352 5077 1741 5149 miscellanea,
1767 5096 1951 5148 ωιτη,
1981 5095 2040 5154 p.
2065 5077 2203 5134 308.
2937 5159 2948 5168 ι

910 5184 969 5239 4.
1000 5179 1277 5240 Thesaur.
1307 5179 1608 5239 novissim.
1638 5178 1900 5256 inscript.
1929 5196 2101 5258 graec.
2133 5189 2192 5237 et
2213 5179 2315 5240 lat.
2346 5181 2411 5237 T.
2443 5179 2524 5251 11,
2556 5196 2618 5255 p.
2654 5175 2794 5248 437,
2821 5171 2867 5254 S
2897 5177 2933 5231 9
2963 5175 3380 5249 (1765-1775).
