5096 6425
2595 740 2983 812 ...44-

2233 1129 2585 1242 PARS
2673 1128 3354 1253 SECUNDA.

1551 1413 1630 1468 IN
1672 1412 1828 1484 QUA
1868 1411 2269 1483 QUAERITUR
2313 1411 2728 1469 INSTITUTIO
2772 1411 2900 1466 REI
2944 1412 3472 1469 ALIMENTARIAE
3514 1411 3690 1482 QUAE
3736 1410 4025 1469 FUERIT.

2525 1699 2894 1788 CAPUT
2975 1702 3042 1787 Ι.

1568 1957 1643 2004 DE
1685 1953 2104 2003 ms‘rl-wnoms
2142 1956 2553 2003 Amul-:NTARIAE
2591 1958 2830 2005 omemss
2871 1958 3058 2012 USQUB
3100 1958 3175 2003 AD
3216 1954 3634 2001 memnonem
3674 1944 3999 2000 mumma.

1394 2184 1444 2274 S
1496 2185 1551 2249 l.
1633 2177 2063 2278 Reipublicae
2129 2181 2575 2278 temporibus
2598 2239 2617 2273 ‚
2690 2180 2885 2279 apud
2942 2185 3304 2252 Romanos
3328 2233 3347 2268 ,
3420 2174 3897 2274 pauperrimis
3935 2172 4233 2263 ,civibus
4255 2228 4274 2266 ,

1298 2298 1591 2399 publico
1634 2313 1956 2396 sumptu,
2005 2299 2322 2393 gratuitae
2360 2302 2769 2396 largitiones
2819 2299 3438 2398 impertiebantur.
3478 2299 3852 2384 Praeterea,
3891 2291 4090 2390 quod
4123 2318 4279 2363 om-

1298 2422 1511 2494 nibus
1542 2435 1831 2509 notum,
1869 2434 2345 2517 patronorum
2368 2421 2569 2516 jussu
2597 2419 2955 2492 dabantur
2987 2418 3323 2518 sportulae
3361 2416 3765 2489 clientibuS.
3824 2415 3998 2486 lnde
4032 2415 4284 2511 digno-

1297 2540 1515 2610 scitur
1549 2537 1837 2637 publica
1870 2537 2121 2630 altera,
2159 2536 2378 2609 altera
2415 2540 2693 2635 privata
2726 2537 3130 2610 liberalitas.
3181 2542 3265 2609 At
3297 2535 3511 2627 nihil,
3553 2550 3631 2607 ut
3657 2534 3965 2627 videtur,
3999 2535 4072 2605 in
4101 2534 4281 2630 ejus-

1295 2659 1495 2732 modi
1521 2659 1918 2756 largitione,
1948 2659 2148 2748 certi,
2177 2657 2355 2730 nihil
2379 2658 2580 2756 quod
2605 2657 2878 2754 aliquid
2903 2659 2973 2729 in
3000 2681 3074 2729 se
3107 2657 3433 2755 legitimae
3462 2656 3922 2728 institutionis
3949 2634 4270 2726 haberet.

1296 2784 1375 2852 In
1431 2777 2028 2851 consuetudinem
2094 2804 2207 2851 res
2263 2794 2602 2871 verterat,
2671 2780 2895 2851 immo
2956 2781 3027 2851 in
3087 2777 3607 2876 corruptelam,
3673 2801 3899 2873 quum
3960 2775 4279 2873 privatus

1302 2902 1607 2999 quisque
1641 2900 1841 2972 dives
1873 2898 2439 2972 mendicantium
2471 2901 2709 2972 servili
2743 2914 2815 2972 et
2848 2901 3084 2971 otioso
3118 2900 3404 2994 agmine
3437 2898 3840 2995 stiparetur.

1392 3023 1444 3115 S
1479 3023 1565 3090 11.
1626 3018 1918 3091 Publica
1966 3034 2204 3091 autem
2251 3018 2634 3091 liberalitas
2687 3020 2915 3115 majus
2964 3021 3177 3091 etiam
3215 3022 3461 3089 Romae
3495 3017 3844 3089 damnum
3897 3013 4270 3105 afferebat3

1299 3166 1456 3238 quae
1475 3163 1701 3240 quum
1735 3138 1932 3211 fieret
1955 3140 2208 3240 populi
2239 3145 2560 3231 nomine,
2602 3141 3140 3212 similitudinem
3159 3141 3340 3237 juris
3366 3140 3676 3238 aliquam
3704 3162 3848 3236 prm
3874 3161 3948 3206 se
3979 3135 4269 3229 serebat,

1308 3288 1540 3361 eoque
1574 3260 1794 3333 fiebat
1823 3260 2020 3359 plebi
2051 3262 2447 3358 gratiosior.
2496 3267 2639 3339 Has
2677 3275 2752 3331 ut
2784 3263 3121 3355 gratuitas
3153 3259 3535 3332 divisiones
3567 3273 4119 3357 componerent,
4155 3262 4279 3329 Ju-

1309 3383 1448 3453 lius
1478 3384 1710 3452 Caesar
1750 3394 1823 3451 et
1865 3383 2215 3479 Augustus
2257 3381 2605 3450 continuo
2647 3394 2717 3450 et
2763 3381 3019 3452 frustra
3062 3378 3483 3450 laborarunt
3522 3405 3538 3449 ε
3580 3379 3800 3449 crevit
3844 3378 4037 3447 enim
4080 3376 4277 3449 labes

1299 3498 1570 3571 nedum
1621 3499 2128 3569 minueretur¹.
2182 3499 2546 3574 Frumenti
2597 3513 2787 3570 certe
2839 3499 3146 3596 pretium
3185 3489 3659 3569 frumentariis
3690 3495 3962 3592 legibus
4002 3497 4276 3568 consti-

1292 3632 1491 3689 tuere
1525 3630 1924 3715 coeperunt.
1966 3619 2233 3686 Eorum
2267 3641 2439 3689 vero
2469 3621 2944 3690 successores²
2971 3594 3044 3689 in
3079 3616 3363 3716 plebem
3390 3617 3586 3690 dona
3620 3617 3865 3688 omnia
3896 3615 4274 3686 nulrsilc‘um

1291 3753 1364 3809 et
1398 3741 1919 3837 congiarebtwn
1953 3737 2247 3809 nomine
2281 3755 2814 3834 congesserunt.
2864 3741 3047 3811 Huic
3083 3754 3323 3810 autem
3360 3738 3693 3809 divisioni
3723 3737 3874 3833 jam
3913 3752 4067 3808 tum
4112 3736 4278 3807 scri·

1290 3874 1446 3956 ptas
1479 3861 1686 3931 fuisse
1718 3857 1933 3955 legeS,
1962 3874 2152 3930 certe
2171 3860 2473 3956 Trajano
2511 3861 2835 3958 principe
2869 3861 3241 3933 accessisse
3276 3859 3678 3931 notandum
3716 3871 3822 3930 est
3860 3884 3875 3926 ε
3917 3857 4181 3941 etenim
4214 3857 4274 3928 si

1290 4007 1436 4080 qua
1470 3981 1646 4052 fides
1671 3993 1774 4051 est
1809 3979 2014 4050 Plinii
2036 3979 2273 4052 verbis
2294 4036 2312 4072 ,
2356 3981 2466 4053 vel
2497 3981 2683 4053 ultra
2715 3982 3019 4054 modum
3050 3981 3442 4072 laudantis,
3483 3978 3853 4070 addenda,
3891 3976 4270 4073 Trajanum

1290 4102 1696 4200 accepimus
1748 4101 2105 4172 curavisse
2161 4114 2238 4172 ut
2300 4125 2555 4172 eorum
2611 4103 2907 4172 nomina
2964 4097 3561 4189 inscriberentur,
3613 4096 3734 4192 qui
3789 4093 3901 4165 vel
3962 4092 4271 4186 minimae

1322 4392 1331 4397 ι
1368 4407 1427 4461 1.
1470 4429 1497 4455 ιι
1523 4406 1848 4481 Augustum
1874 4397 2169 4478 congiaria
2187 4399 2405 4479 populo
2438 4400 2773 4477 frequenter
2802 4399 3052 4474 dedisse,
3082 4419 3150 4457 ac
3176 4418 3249 4457 ne
3276 4398 3528 4456 minores
3554 4394 3786 4474 quidem
3813 4413 4022 4473 pueros
4059 4405 4271 4472 praete-

1286 4503 1483 4576 riisse,
1532 4502 1798 4580 quamvis
1842 4514 1976 4560 ante
1998 4548 2014 4579 ,
2048 4520 2168 4560 non
2207 4501 2319 4560 nisi
2356 4501 2431 4560 ab
2464 4502 2772 4560 undecimo
2814 4502 2992 4561 aetatis
3039 4521 3193 4561 anno
3233 4501 3493 4580 accipere
3529 4510 3921 4557 consuessent.
3955 4521 3980 4546 u
4027 4500 4268 4558 Sueten.

1289 4612 1440 4683 Aug.
1470 4608 1536 4662 41
1556 4607 1762 4665 .—-Cf.
1786 4604 2088 4665 Casaubon
2120 4603 2193 4663 ad
2222 4606 2413 4683 Spart.
2445 4603 2726 4663 Hadrian.
2749 4609 2807 4666 7.
2828 4638 2909 4650 —-
2935 4631 2959 4656 a
3116 4607 3192 4683 τῷ
3224 4601 3280 4662 δὲ
3313 4603 3467 4681 δήμῳ
3495 4604 3612 4660 καθ’
3642 4599 3827 4658 ἑκατὸν
3859 4596 4104 4678 δραχμὰς
4139 4595 4271 4676 πρό-

1286 4729 1435 4786 τερον
1469 4706 1565 4784 μὲν
1592 4710 1703 4773 τοῖς
1736 4708 1789 4773 ἐς
1826 4705 2019 4787 ἄνδρας
2043 4707 2305 4781 τελοῦσιν,
2334 4707 2520 4766 ἔπειτα
2550 4706 2605 4769 δὲ
2633 4709 2722 4767 καὶ
2755 4714 2867 4773 τοῖς
2900 4706 3079 4781 παισὶ,
3111 4704 3201 4765 διὰ
3229 4705 3318 4765 τὸν
3342 4704 3790 4785 Μάρκελλον....,
3812 4715 3923 4763 ete.
3948 4729 3974 4755 υ
4006 4702 4120 4762 Dio
4137 4704 4272 4761 Cas-

1288 4811 1437 4884 sius,
1465 4815 1544 4884 L,
1574 4830 1626 4867 c.
1662 4812 1761 4866 21.

1368 4918 1427 4973 2.
1476 4916 1713 4972 Sueten.
1746 4917 1940 4971 Neron
1964 4954 1981 4984 ,
2014 4915 2110 4971 11.
2144 4945 2223 4957 -
2251 4913 2337 4971 Cf.
2370 4932 2675 4972 nummum
2715 4932 2887 4991 quem
2930 4910 3164 4969 exhibet
3196 4908 3445 4968 Oiselius
3482 4908 3556 4967 de
3596 4908 3841 4967 Neronis
3881 4906 4226 4968 liberalitate
4246 4953 4264 4982 ,

1288 5016 1405 5076 tab.
1447 5037 1623 5074 Lxxxv
1648 5064 1665 5091 ,
1697 5020 1754 5074 5.
1786 5048 1867 5058 —
1889 5014 2094 5091 Tacit„
2125 5019 2280 5075 Ann.
2312 5035 2456 5088 xm,
2501 5019 2600 5076 31.
2624 5047 2705 5059 —-
2728 5015 2839 5073 Dio
2871 5014 3134 5086 Cassius„
3184 5033 3313 5086 1.x1,
3358 5015 3456 5070 18.
3485 5043 3566 5055 -·
3597 5011 3830 5070 Eckbel.
3872 5015 4071 5069 Doctr.
4101 5030 4261 5069 num.

1289 5134 1433 5194 vet„
1457 5119 1552 5178 vol
1601 5122 1703 5192 VI,
1725 5138 1786 5197 p.
1810 5120 1949 5178 271.
1970 5121 2151 5177 —De
2167 5116 2292 5176 'rito
2310 5132 2501 5177 autem
2522 5163 2538 5194 ,
2562 5117 2673 5176 Dio
2686 5116 2934 5191 Cassius,
2958 5137 3116 5192 mm,
3141 5118 3238 5174 19.
3260 5149 3340 5161 —
3368 5115 3454 5175 Cf.
3484 5114 3689 5190 Oisel.,
3724 5112 3842 5176 tab.
3876 5133 4075 5187 xxxxv,
4110 5116 4169 5172 6.
