5096 6425
2184 667 2581 753 -39-

983 832 1034 922 S
1066 834 1217 901 Vll.
1259 836 1336 902 ln
1375 831 1759 904 undecima
1792 833 2163 930 pactione,
2203 856 2246 903 a
2271 831 2591 930 Sulpicio
2627 835 2815 902 Vero
2853 831 3094 921 facta¹,
3125 849 3420 930 apparet
3444 834 3876 908 vocabulum

884 951 1311 1023 Lunensium
1367 953 1810 1051 Respublica.
1871 956 1969 1024 Ex
2033 953 2374 1025 Henzenii
2441 954 2792 1024 sententia
2818 1009 2837 1046 ,
2912 953 3332 1051 Respublica
3395 955 3591 1028 haud
3653 950 3875 1030 dubie

880 1068 1243 1166 publicum
1273 1098 1527 1171 agrum
1562 1071 1915 1169 significat
1941 1074 1990 1144 ².
2022 1072 2164 1144 Sed
2197 1072 2372 1169 quid
2407 1097 2559 1144 esse
2590 1099 2845 1170 ugrum
2875 1072 3240 1170 publicum
3270 1074 3506 1146 dicam
3533 1075 3562 1144 Ξ)
3595 1082 3874 1175 Agrum

890 1216 1150 1291 nempe
1176 1195 1479 1265 civitatis
1500 1247 1519 1284 ,
1556 1194 1631 1266 id
1661 1209 1769 1265 est
1800 1209 2027 1265 terras
2059 1218 2314 1264 omnes
2350 1218 2529 1290 quas
2570 1194 2864 1291 quidem
2906 1196 3149 1268 civitas
3182 1197 3507 1294 proprias
3539 1221 3621 1268 ac
3652 1223 3871 1296 pecu-

882 1311 1090 1385 liares
1152 1313 1391 1387 habet.
1469 1320 1741 1386 Harum
1805 1315 1958 1387 aliae.
2005 1314 2373 1414 vectigales
2399 1371 2416 1403 ‚
2479 1315 2630 1386 alioe
2691 1318 2832 1385 hon
2897 1317 3263 1413 vectigales
3315 1332 3738 1405 censentur,
3789 1335 3868 1392 ut

888 1431 1104 1505 iidem
1139 1434 1408 1507 faciunt
1443 1436 1573 1506 ista
1611 1436 1806 1507 Pauli
1847 1433 2070 1506 verba
2095 1436 2118 1472 ⁸
2158 1461 2174 1505 ε
2229 1463 2265 1502 «
2298 1436 2485 1532 Agri
2510 1436 2875 1505 civitatum
2921 1434 3041 1506 alii
3075 1437 3444 1535 vectigales
3483 1454 3862 1533 vocantur,

886 1550 1006 1621 alii
1037 1578 1202 1622 non.
1249 1553 1647 1653 Vectigales
1693 1568 2046 1625 vocantur
2077 1554 2199 1651 qui
2255 1554 2327 1625 in
2379 1569 2811 1652 perpetuum
2851 1554 3211 1647 locantur,
3254 1556 3328 1628 id
3369 1571 3475 1629 est
3512 1557 3652 1630 bac
3686 1559 3865 1657 lege,

888 1684 963 1740 ut
1006 1671 1284 1743 tamdiu
1335 1696 1471 1771 pro
1526 1673 1663 1744 illis
1713 1673 2013 1769 vectigal
2074 1672 2471 1771 pendatur,
2538 1673 2888 1769 quamdiu
2947 1699 3181 1772 neque
3245 1677 3452 1773 ipsiS,
3510 1679 3636 1774 qui
3692 1703 3869 1751 con-

884 1792 1255 1886 duxerint,
1303 1819 1538 1892 neque
1564 1795 1681 1866 his
1705 1849 1723 1884 ,
1768 1797 1894 1893 qui
1944 1798 2017 1866 in
2058 1795 2301 1868 locum
2336 1820 2590 1867 eorum
2634 1797 3140 1886 successerint,
3179 1796 3438 1870 auferri
3471 1823 3596 1870 eos
3630 1799 3866 1875 liceat.

883 1916 1051 1984 Non
1094 1913 1458 2010 vectigales
1503 1929 1672 1985 sunt
1703 1971 1723 2007 ,
1779 1915 1907 2011 qui
1964 1915 2062 1986 ita
2115 1913 2402 1987 colendi
2446 1914 2735 2009 dantur,
2805 1931 2885 1986 ut
2928 1916 3267 2014 privatim
3316 1940 3526 2013 agros
3579 1932 3866 1992 nostros

883 2030 1229 2116 colendos
1266 2031 1437 2105 dare
1468 2032 1809 2104 solemus.
1847 2033 1989 2121 Qui
2027 2035 2098 2106 in
2140 2049 2568 2132 perpetuum
2600 2035 2904 2107 fundum
2946 2034 3332 2108 fruendum
3369 2038 3869 2113 conduxerunt

882 2174 925 2222 a
959 2152 1438 2262 municipibus
1462 2208 1481 2244 ,
1522 2155 1853 2251 quamvis
1885 2179 2035 2225 non
2083 2153 2487 2228 efficiantur
2519 2156 2797 2227 domini
2820 2211 2840 2248 ,
2882 2171 3121 2229 tamen
3157 2158 3425 2256 placuit
3455 2177 3867 2259 competere

883 2274 985 2343 eis
1014 2275 1083 2343 in
1116 2298 1268 2345 rem
1300 2276 1659 2347 actionem
1696 2275 2041 2349 adversus
2072 2278 2400 2373 quemvis
2431 2301 2911 2375 possessorem
2959 2309 2973 2349 ε
3019 2279 3146 2351 sed
3184 2296 3254 2351 et
3289 2281 3631 2354 adversus
3670 2284 3865 2381 ipsos

886 2394 1307 2493 municipes
1353 2424 1389 2465 ι)
1442 2397 1615 2469 Mihi
1687 2421 1860 2471 vero
1917 2398 2200 2468 videtur
2255 2398 2662 2470 Henzenius
2721 2422 2975 2468 vocem
3040 2397 3436 2495 respublica
3497 2425 3632 2473 nec
3696 2401 3867 2473 satis

883 2514 1284 2611 diligenter,
1312 2541 1449 2588 nec
1485 2519 1651 2590 satis
1677 2532 1841 2615 apte
1869 2516 2287 2589 definiendo
2316 2518 2759 2616 explicuisse.
2791 2522 2946 2589 Hoc
2969 2543 3101 2614 ego
3129 2519 3486 2591 vocabulo
3511 2520 3868 2618 designari

879 2637 1144 2733 opinor
1198 2640 1362 2735 agri
1398 2635 1674 2734 publici
1713 2655 1948 2709 terras
1999 2664 2050 2709 a
2095 2641 2376 2709 civitate
2407 2691 2425 2728 ,
2480 2638 2684 2733 cujus
2733 2639 3041 2738 propriae
3082 2653 3152 2710 et
3188 2640 3578 2737 peculiares
3610 2655 3816 2713 erant
3843 2698 3860 2731 ,

879 2753 1203 2847 dissitas,
1259 2758 1465 2853 cujus
1510 2757 1805 2856 quidem
1857 2759 1960 2829 rei
2008 2783 2317 2858 proesens
2360 2759 2723 2830 cernimus
2769 2758 3213 2857 exemplum,
3262 2762 3610 2858 quoniam
3662 2767 3867 2836 Lucae

880 2877 1178 2950 civitatis
1213 2892 1435 2951 terras
1466 2879 1537 2948 in
1578 2903 1748 2974 agro
1783 2879 2043 2951 Veleiae
2078 2879 2247 2950 sitas
2274 2878 2499 2950 ¹fuisse
2531 2877 2773 2950 videre
2806 2892 2936 2949 est.
2981 2881 3202 2949 Porro
3240 2879 3365 2973 qui
3407 2894 3627 2949 terras
3658 2880 3866 2949 vecti·

873 2996 1075 3092 gales
1103 2998 1608 3071 conducebant
1629 3056 1647 3091 ,
1690 3002 1936 3071 omnia
1968 2998 2101 3072 sibi
2137 2997 2596 3072 vindicabant
2629 2999 2849 3096 ipsius
2883 2999 3308 3095 possessoris
3328 2999 3492 3093 jura
3522 3027 3538 3074 a
3567 3022 3674 3090 ac,
3711 3012 3863 3072 tum

881 3118 1229 3214 pactionis
1255 3119 1729 3219 perpetuitate
1751 3174 1770 3210 ,
1818 3133 1975 3190 tum
2008 3143 2096 3191 eo
2138 3119 2323 3189 facto
2355 3117 2556 3215 quod
2607 3116 2724 3187 ille
2765 3117 2891 3215 qui
2929 3141 3178 3214 agrum
3212 3116 3557 3188 conducit
3579 3144 3862 3215 posses·

877 3241 1031 3309 sori
1070 3260 1243 3310 vero
1288 3240 1502 3338 plane
1537 3241 1786 3313 similis
1823 3256 2032 3332 esset,
2074 3266 2160 3314 ea
2192 3239 2408 3311 fiebat
2472 3238 2828 3336 vectigalis⁸
2874 3254 3081 3308 terrae
3130 3237 3454 3309 conditio
3481 3291 3500 3327 ,
3553 3253 3632 3310 ut
3683 3237 3860 3310 nibil

881 3362 1196 3431 eveniret
1254 3361 1744 3451 incommodi,
1807 3362 1866 3432 si
1921 3361 2134 3456 longe
2168 3359 2448 3431 abesset
2491 3357 2586 3428 ab
2626 3357 2742 3428 illa
2780 3357 3098 3446 civitate,
3148 3358 3349 3454 cujus
3398 3358 3473 3428 in
3517 3372 3866 3455 potestate

881 3479 1318 3553 versabatur.
1390 3483 1586 3555 Idem
1648 3507 1818 3554 vero
1883 3481 1975 3554 de
2035 3483 2249 3554 terris
2306 3508 2447 3552 non
2517 3478 2963 3579 vectigalibus
3029 3479 3228 3551 haud
3284 3494 3473 3551 recte
3540 3480 3801 3576 dixeris
3841 3506 3857 3549 ε

881 3620 1082 3679 terrae
1126 3609 1322 3679 enim
1368 3608 1502 3679 illae
1532 3631 1715 3705 quas
1749 3631 1922 3705 ager
1942 3606 2274 3704 publicus
2307 3604 2785 3704 amplectitur,
2819 3630 2943 3676 seu
2975 3629 3205 3674 vacuae
3239 3620 3472 3693 terrae,
3515 3629 3646 3676 seu
3674 3631 3864 3675 com·

881 3730 1288 3814 muniones,
1349 3751 1473 3798 seu
1523 3742 1730 3796 terrae
1781 3751 1925 3796 non
1969 3725 2335 3824 vectigales
2381 3723 2671 3814 iisdem,
2717 3739 2794 3798 ut
2835 3722 3095 3795 Paulus
3138 3725 3280 3813 ait,
3325 3723 3864 3796 conditionibus

877 3848 1275 3939 conductae,
1301 3847 1565 3944 quibus
1585 3847 2037 3945 privatorum
2065 3849 2238 3944 agri,
2270 3871 2404 3919 nec
2432 3845 2693 3918 dissitoe
2717 3870 2759 3916 a
2782 3846 3094 3934 civitate,
3136 3869 3269 3917 nec
3302 3844 3394 3916 ab
3419 3845 3532 3950 illa
3561 3846 3864 3916 omnino

879 3984 1218 4065 separatae
1247 3993 1399 4040 esse
1433 3967 1820 4042 debebant.
1890 4017 1893 4018 f

978 4094 1131 4161 Mea
1188 4091 1403 4187 igitur
1455 4085 1845 4183 sententia,
1906 4117 2044 4164 vox
2102 4090 2539 4188 respublica,
2610 4102 2687 4160 ut
2749 4087 3058 4166 affirmat
3115 4090 3557 4179 Henzenius,
3607 4114 3860 4187 ugrum

871 4208 1231 4304 publicum
1283 4209 1631 4307 signifieat
1665 4239 1680 4281 :
1722 4237 2067 4308 egovero
2104 4210 2489 4308 adjecerim
2531 4237 2546 4279 z
2580 4224 2867 4305 partem
2907 4208 3110 4279 illum
3151 4211 3317 4306 agri
3338 4206 3606 4305 publici
3632 4234 3789 4306 quae
3822 4234 3862 4276 e

879 4334 1091 4399 terris
1121 4331 1563 4431 vectigalibus
1595 4350 1900 4403 constat.

974 4454 1130 4520 Jam
1191 4464 1431 4522 autem
1489 4451 2051 4524 animadvertam
2084 4508 2100 4539 ,
2165 4450 2605 4522 vocabulum
2657 4450 2892 4523 solum
2936 4455 3277 4520 Lucenses
3324 4462 3394 4519 et
3443 4450 3861 4520 Lucensium

878 4571 1384 4669 rempublicam.
1416 4571 1849 4669 significare.
1968 4572 1979 4579 ”

958 4870 1014 4926 l.
1047 4871 1170 4928 Col.
1208 4875 1288 4946 11,
1318 4871 1361 4931 l.
1393 4874 1492 4933 20.

954 4973 1015 5032 2.
1044 4971 1300 5034 Henzen.
1333 4977 1573 5049 Annali„
1606 4981 1787 5050 1845,
1818 4975 2028 5059 vau.

958 5079 1012 5131 3.
1046 5076 1162 5157 Dig
1191 5121 1210 5151 ,
1241 5077 1345 5140 lib.
1380 5083 1480 5151 VI,
1508 5079 1592 5142 tit.
1623 5100 1715 5136 ιιι.
1748 5080 1982 5138 Paulus.
2016 5084 2083 5138 L.
2123 5082 2224 5155 2¹,
2267 5078 2344 5137 ad
2368 5079 2643 5138 edictum.
