5096 6425
2151 768 2497 834 ...5.-

832 933 1054 1003 aetatis
1098 946 1346 1002 notam
1390 946 1760 1026 artemque
1802 927 2150 1025 optimam
2198 926 2632 997 declarantia
2675 955 2689 996 ε
2730 929 3104 1026 utriusque
3158 932 3590 1028 Agrippinae,
3645 934 3826 1002 Ger-

835 1054 1135 1142 manici,
1176 1052 1477 1123 Neronis
1510 1051 1800 1121 infantis
1833 1062 2048 1144 atque
2079 1047 2290 1118 etiam
2316 1049 2662 1118 Faustinae
2690 1048 3064 1121 simulacra
3098 1051 3379 1121 eximia.
3423 1050 3628 1122 Nulla
3652 1075 3823 1123 vero

834 1175 1407 1246 Christianorum
1440 1171 1770 1267 vestigia3
1812 1169 1987 1240 nihil
2023 1169 2397 1240 inventum
2424 1167 2619 1265 quod
2653 1183 2817 1266 post
2839 1171 3287 1242 Constantini
3325 1183 3599 1242 aetatem
3625 1169 3825 1242 vide·

835 1314 1033 1369 retur
1082 1296 1294 1367 fuisse
1347 1310 1666 1366 erectum
1723 1309 1847 1365 aut
1900 1293 2295 1387 signatum,
2363 1304 2665 1389 excepto
2722 1307 2963 1364 tamen
3022 1295 3453 1365 numismate
3504 1294 3823 1390 quodam

840 1418 1093 1489 Leonis
1124 1421 1152 1486 Ι
1186 1415 1496 1511 effigiem
1535 1414 1839 1504 ferente,
1887 1412 2089 1520 quod
2121 1411 2420 1508 quidem
2463 1411 2559 1484 ad
2589 1427 2902 1484 veterem
2937 1415 3255 1486 Veleiam
3291 1416 3587 1487 minime
3620 1438 3825 1513 spec-

839 1554 1034 1629 tanS,
1095 1537 1221 1609 sed
1276 1538 1514 1635 potius
1566 1560 1734 1606 cum
1786 1533 2123 1604 thesauro
2173 1531 2414 1629 aliquo
2462 1532 2749 1604 videtur
2794 1536 2867 1607 in
2919 1549 3215 1627 terram,
3267 1537 3456 1607 circa
3493 1536 3827 1632 quintum

836 1672 1201 1730 se‘xtumve
1237 1680 1279 1727 a
1308 1655 1590 1727 Christo
1626 1668 1796 1724 nato
1832 1654 2171 1724 saeculum
2205 1650 2416 1723 fuisse
2451 1651 2839 1724 defossum.

858 1830 861 1833 >
934 1784 985 1873 g
1018 1784 1169 1849 X11.
1224 1780 1366 1866 Qui
1411 1792 1654 1849 autem
1705 1775 1856 1847 fieri
1904 1775 2138 1873 potuit
2192 1789 2270 1845 ut
2314 1789 2465 1847 tota
2511 1776 2759 1847 civitas
2806 1775 2940 1846 sub
2976 1790 3263 1873 aggestu
3309 1791 3508 1848 terrae
3541 1777 3827 1849 decem-—

836 1905 1070 2002 pedali
1104 1902 1347 1974 subito
1385 1899 1753 1974 evanuerit
1789 1898 2050 1971 obruta
2074 1953 2092 1986 ‚
2135 1923 2373 1996 neque
2411 1900 2596 1971 ullus
2630 1886 2971 1972 exstiterit
3011 1899 3324 1972 historiae
3366 1901 3669 1997 scriptor
3700 1902 3826 1998 qui

836 2050 988 2096 rem
1023 2024 1206 2095 adeo
1240 2024 1495 2094 miram
1530 2020 2172 2094 commemoraret?
2222 2021 2294 2090 Si
2328 2019 2488 2116 quis
2519 2018 2735 2116 hujus
2770 2021 2872 2091 rei
2903 2044 3151 2092 causas
3185 2020 3558 2117 diligenter
3594 2021 3826 2094 inves-

839 2143 1201 2240 tigaverit,
1242 2143 1302 2214 si
1334 2141 1469 2212 soli
1501 2155 1835 2212 naturam
1874 2140 2242 2227 attentius,
2283 2163 2443 2237 quae
2471 2139 2574 2209 'sit
2610 2155 2679 2210 et
2710 2140 2781 2209 in
2818 2138 2999 2210 valle
3041 2154 3109 2212 et
3145 2140 3216 2209 in
3255 2141 3584 2237 proximo
3621 2166 3828 2212 mon-

840 2263 1017 2334 tium
1058 2261 1245 2333 clivo
1291 2259 1557 2356 quibus
1606 2261 2072 2330 continuatur
2120 2258 2560 2356 Apenninus,
2624 2259 3087 2356 perspexerit,
3149 2260 3384 2330 lacum
3439 2259 3828 2356 quemdam

840 2382 1014 2454 olim
1062 2383 1136 2451 in
1189 2379 1381 2452 edita
1433 2378 1697 2450 niontis
1749 2394 1952 2477 parte
1999 2377 2195 2449 velut
2240 2380 2314 2449 in
2353 2391 2625 2447 cratere
2662 2377 3012 2448 inclusum
3061 2376 3272 2448 fuisse
3309 2378 3649 2450 censebit.
3688 2381 3830 2452 Has

839 2503 1106 2574 scilicet
1156 2515 1375 2572 terras
1424 2500 1719 2571 minime
1770 2499 2055 2570 stabiles
2104 2496 2487 2594 firmasque
2544 2521 2744 2593 aquae
2793 2495 2986 2568 lente
3037 2498 3317 2595 alteque
3369 2497 3823 2570 subederant.

839 2628 995 2695 Jam
1029 2621 1536 2721 quodam-die,
1591 2621 1787 2692 lacus
1833 2621 2008 2710 iste,
2062 2620 2287 2718 ruptis
2330 2617 2895 2717 impedimentis,
2943 2643 3258 2718 praeceps
3303 2620 3479 2690 etin
3531 2619 3831 2691 modum

841 2742 1174 2815 torrentis
1206 2740 1444 2812 subito
1479 2740 1779 2827 effusus,
1821 2738 2061 2836 glebas
2094 2754 2165 2810 et
2219 2739 2397 2810 illisa
2449 2763 2616 2810 saxa
2663 2763 2907 2811 secum
2929 2741 3266 2837 rapienS,
3303 2767 3454 2812 uno
3490 2742 3832 2840 temporis

841 2862 1166 2953 articulo,
1204 2861 1364 2932 loca
1396 2861 1945 2957 subterjacentia
1974 2859 2256 2930 videtur
2283 2861 2744 2957 oppressisse.
2791 2865 2837 2929 A
2862 2884 3009 2957 quo
3046 2858 3185 2945 die,
3226 2859 3449 2931 tristia
3484 2860 3635 2933 haec
3675 2859 3836 2935 loc‘a

844 2980 914 3049 in
952 2992 1224 3050 vastam
1258 2977 1720 3049 solitudinem
1755 2991 2020 3050 mutata
2056 2993 2245 3067 sunt,
2287 2977 2411 3050 ubi
2435 2980 2550 3049 vix
2591 3004 2778 3049 unus
2810 2994 2879 3050 et
2911 2979 3088 3050 alter
3121 2980 3410 3052 oberrat
3441 2983 3826 3079 caprarius,

842 3100 1018 3171 lude
1052 3102 1263 3172 etiam
1303 3120 1499 3169 nunc
1533 3101 1946 3186 Rovinazw,
1987 3123 2112 3169 seu
2147 3122 2357 3168 mons
2391 3098 2640 3189 ruinae,
2673 3099 2927 3192 jugum
2966 3100 3152 3170 istud
3187 3100 3608 3199 appellatur.
3813 3092 3818 3097 ’

940 3226 991 3315 g
1035 3226 1218 3292 xtlt.
1278 3226 1484 3292 Anno
1523 3222 1712 3293 1760
1748 3221 2003 3291 effossa
2053 3220 2366 3316 primum
2418 3218 2629 3290 fuisse
2656 3224 2716 3288 V
2721 3220 2986 3291 eleiatis
3030 3221 3177 3315 agri
3217 3220 3477 3292 rudera
3513 3225 3835 3319 superius

843 3341 1014 3414 dixi.
1050 3347 1192 3413 Nec
1215 3341 1516 3413 cessavit
1537 3363 1766 3434 usque
1790 3339 1882 3412 ad
1909 3364 2184 3412 annum
2209 3339 2397 3412 1765
2419 3337 2811 3410 effodiendi
2839 3338 3072 3410 labor.
3102 3344 3368 3411 Iterum
3393 3364 3587 3412 anno
3614 3346 3829 3434 1770,

846 3487 1013 3534 mox
1066 3486 1259 3532 anno
1311 3461 1537 3550 1775,
1599 3460 1860 3531 deinde
1914 3485 2109 3533 anno
2160 3464 2333 3536 1801
2385 3461 2652 3532 versari
2705 3461 2938 3533 solum
2992 3476 3063 3532 et
3111 3461 3355 3533 denuo
3416 3463 3834 3562 interrogari

844 3584 1085 3680 coepit.
1140 3587 1505 3654 Postremo
1552 3581 1758 3652 annis
1795 3583 2019 3655 18421
2055 3597 2126 3652 et
2164 3584 2382 3673 1843,
2432 3606 2675 3653 rursus
2726 3583 3127 3654 scrutandis
3169 3584 3547 3656 ruderibus
3581 3586 3652 3658 d.
3694 3592 3833 3659 Lo-

847 3703 1084 3800 pesius
1118 3702 1265 3798 ipse
1302 3698 1674 3798 praefectus
1708 3714 1840 3772 est.

943 3825 994 3915 5
1029 3825 1211 3892 XIV.
1270 3825 1512 3908 Quum
1546 3836 1786 3893 autem
1820 3823 2140 3894 virorum
2178 3822 2561 3894 doctorum
2583 3879 2601 3913 ,
2652 3824 3090 3920 quicumque
3123 3825 3194 3894 iu
3235 3824 3427 3895 ltalia
3461 3841 3660 3897 erant
3684 3881 3702 3917 ,
3753 3849 3838 3898 ea

845 3944 1138 4034 rudera,
1173 3966 1333 4039 quae
1369 3941 1561 4040 apud
1596 3942 1914 4014 Veleiam
1949 3941 2502 4033 effodiebantur,
2544 3929 2984 4038 dilig’entiam
3013 3944 3233 4039 magis
3267 3969 3349 4014 ac
3383 3945 3607 4041 magis
3639 3947 3834 4017 exci-

846 4079 1113 4155 tarent,
1169 4065 1226 4134 si
1272 4087 1416 4159 qua
1459 4061 1559 4132 ibi
1612 4077 1890 4161 reperta
1937 4063 2162 4134 fuerat
2209 4063 2616 4160 inscripti0‚
2668 4062 2836 4134 huic
2873 4062 3306 4162 explicandae
3346 4090 3632 4136 summo
3667 4090 3832 4138 cum
3901 4105 3910 4114 ·

844 4184 1082 4255 studio
1119 4184 1670 4272 incumbebant3
1724 4209 1957 4282 neque
1992 4210 2076 4257 ea
2109 4209 2221 4255 res
2254 4185 2345 4256 ad
2376 4185 2689 4281 TraJanae
2712 4185 2993 4282 Tabulae
3038 4186 3524 4280 cognitionem
3559 4186 3834 4258 medio-

845 4305 983 4374 cris
1016 4304 1146 4373 fuit
1181 4303 1448 4375 auxilii.
1488 4309 1643 4375 Hoc
1685 4305 1880 4375 enim
1923 4305 2248 4402 inprimis
2274 4304 2706 4376 studuerunt
2739 4320 2819 4376 ut
2847 4331 2929 4376 ex
2965 4305 3182 4376 titulis
3214 4306 3362 4376 istis
3399 4331 3583 4377 nova
3615 4306 3830 4377 veluti

846 4424 957 4496 fax
993 4424 1319 4519 quaedam
1354 4424 1864 4496 accenderetur
1895 4451 2058 4523 quae
2091 4427 2164 4496 in
2186 4428 2426 4497 Veleia
2452 4427 2763 4519 civitate,
2802 4426 3002 4522 cujus
3033 4451 3383 4524 pagorum
3421 4427 3838 4510 fundorum-

846 4571 988 4644 que
1020 4546 1204 4617 adeo
1239 4546 1568 4643 frequens
1602 4562 1707 4618 est
1746 4547 1816 4617 in
1853 4572 2110 4643 magna
2143 4548 2259 4619 illa
2299 4548 2760 4645 inscriptione
2795 4549 3090 4637 mentio,
3133 4548 3239 4618 vel
3279 4549 3610 4621 minimas
3640 4552 3835 4622 loco-

846 4693 1010 4738 rum
1043 4668 1460 4766 partitiones
1506 4668 1912 4740 illustraret.
1975 4667 2077 4738 Ab
2118 4692 2313 4739 anno
2368 4670 2581 4765 igitur
2619 4671 2810 4742 1764
2853 4693 3079 4765 usque
3124 4670 3212 4740 ad
3254 4671 3471 4759 1768,
3513 4672 3833 4768 quinque

848 4791 1181 4886 epistolas
1236 4790 1518 4861 Lamius
1561 4789 1852 4880 edidit¹‚
1910 4790 1981 4862 in
2032 4791 2298 4888 quibus
2347 4790 2678 4862 locorum
2732 4791 3083 4862 rationem
3129 4817 3287 4889 quae
3336 4794 3424 4863 sit
3470 4793 3826 4891 explorat,

932 4961 988 5013 1.
1021 4960 1250 5014 Lettera
1280 4956 1374 5016 del
1405 4957 1514 5038 sig.
1548 4958 1795 5017 Michele
1828 4964 2020 5036 Lopez
2057 4959 2111 5018 al
2148 4957 2378 5018 celebre
2423 4959 2496 5018 ed
2542 4959 2766 5018 illustre
2800 4970 2971 5016 conte
3016 4959 3443 5017 Bartolommeo
3488 4959 3768 5039 Borghesi
3801 4981 3834 5019 a

850 5063 908 5118 S.
944 5060 1171 5117 Marino
1204 5082 1217 5116 ε
1252 5061 1562 5120 Bullettino
1592 5062 1724 5144 dell’
1749 5062 2000 5122 Institut.
2027 5062 2084 5121 di
2112 5064 2353 5143 corrisp.
2381 5064 2665 5137 archeol.,
2697 5061 3018 5122 novembre
3038 5064 3216 5124 1842.

931 5166 987 5219 2.
1030 5163 1256 5221 Novell.
1294 5163 1521 5236 lettere,
1559 5168 1740 5238 176⁴,
1770 5177 1834 5224 n⁰
1865 5168 1974 5237 34;
2009 5169 2189 5239 1768,
2214 5177 2296 5225 πο·
2326 5170 2426 5241 24,
2453 5168 2554 5239 25,
2590 5168 2690 5237 30,
2728 5169 2823 5224 31.
