5096 6425
2618 770 3011 840 -70—

2520 1098 2884 1195 CAPUT
2948 1101 3093 1193 11.

2023 1377 2099 1425 ΒΕ
2139 1375 2399 1425 uentum
2440 1374 2827 1424 nieuw-totum
2865 1374 3102 1422 TABULAE
3140 1372 3565 1423 Toroeuruu.

1413 1600 1464 1690 S
1499 1601 1555 1668 1.
1597 1599 1759 1668 Haec
1791 1594 1881 1666 de
1930 1598 2266 1666 Licnatm
2304 1599 2778 1666 Bmlmonum
2813 1591 3116 1664 coloni-<e
3173 1592 3447 1690 origine
3485 1594 3559 1664 in
3606 1592 3764 1663 Tito
3796 1591 3991 1662 Livio
4042 1591 4293 1687 legun-

1316 1720 1485 1787 tur¹.

1412 1840 1619 1907 Anno
1644 1833 1854 1906 Urbis
1893 1837 2061 1927 572,
2104 1863 2138 1899 α
2170 1838 2249 1904 P.
2281 1832 2661 1905 Cornelius
2693 1847 2763 1903 et
2796 1835 2892 1903 Μ.
2937 1831 3232 1923 Baebius,
3259 1833 3384 1930 qui
3419 1833 3490 1904 in
3526 1831 3901 1904 consulatu
3938 1831 4111 1902 nihil
4147 1858 4296 1904 me-

1317 1984 1352 2020 «
1411 1954 1758 2026 morabile
1793 1968 2182 2050 gesserant,
2218 1954 2290 2023 in
2330 1956 2668 2051 Apuanos
2701 1956 3005 2023 Lmumzs
3038 1952 3429 2024 exercitum
3470 1950 3903 2022 induxerunt
3912 2003 4287 2023 ............

1411 2105 1449 2143 «
1506 2079 1836 2164 anunns,
1864 2075 1984 2171 qui
2038 2089 2203 2145 ante
2247 2072 2639 2146 adventum
2680 2072 2751 2143 in
2793 2072 3243 2170 provinciam
3287 2071 3664 2144 consulum
3708 2095 3858 2141 non
3904 2086 4295 2169 exspectas·

1317 2226 1350 2260 α
1408 2209 1564 2266 sent
1598 2194 1892 2285 bellum,
1933 2194 2327 2293 improviso
2373 2193 2723 2292 oppressi,
2767 2194 2859 2265 ad
2898 2192 3290 2266 duodecim
3336 2193 3558 2265 millia
3586 2190 3970 2263 hominum
4004 2191 4298 2264 dedide-

1314 2343 1349 2378 α
1409 2327 1575 2384 runt
1606 2338 1784 2386 sese.
1824 2306 1992 2403 Eos,
2032 2314 2364 2385 consulto
2397 2338 2525 2412 per
2561 2313 2827 2386 litteras
2863 2314 3061 2413 prius
3095 2328 3370 2405 senatu,
3406 2312 3763 2386 deducere
3795 2311 3887 2383 de
3929 2313 4296 2386 montibus

1315 2460 1351 2499 «
1406 2433 1479 2503 in
1513 2456 1722 2530 agros
1749 2448 2180 2532 campestres
2223 2433 2475 2531 procul
2509 2432 2602 2504 ab
2642 2432 2895 2524 domo,
2935 2459 3027 2505 ne
3071 2434 3341 2506 reditus
3374 2458 3534 2532 spes
3566 2448 3773 2523 esset,
3812 2433 4189 2504 Cornelius
4224 2449 4295 2505 et

1313 2582 1348 2618 α
1410 2551 1681 2624 Baebius
1712 2568 2138 2641 statuerunt,
2178 2553 2455 2625 nullum
2487 2553 2709 2626 alium
2735 2567 2901 2626 ante
2925 2553 3147 2626 finem
3164 2555 3296 2627 rati
3333 2553 3483 2625 fore
3506 2558 3847 2627 Licus-nm
3880 2552 4072 2625 belli.
4120 2563 4294 2651 Ager

1315 2700 1348 2735 α
1404 2669 1737 2769 publicus
1779 2670 2026 2769 populi
2062 2672 2342 2743 romani
2388 2674 2645 2744 eratin
2698 2673 3175 2765 SamnitibuS‚
3214 2675 3341 2772 qui
3390 2674 3939 2746 Taurasinorum
3986 2673 4284 2772 [fueratz

1314 2819 1352 2859 κ
1405 2796 1483 2861 In
1522 2789 1717 2890 eum]
1725 2843 1871 2864 .....
1916 2796 2215 2865 mems
2250 2791 2560 2865 traducti
2594 2807 2759 2864 sunt
2793 2793 3086 2891 publico
3114 2809 3405 2893 sumptu
3443 2794 3532 2866 ad
3570 2792 4038 2891 quadraginta
4068 2795 4291 2870 millia

1313 2940 1348 2978 α
1402 2911 1797 2983 liberorum
1829 2913 2143 3009 capitum
2170 2938 2335 2985 cum
2370 2912 2655 2986 feminis
2697 2914 3104 3013 puerisque.
3144 2914 3424 3010 Argenti
3457 2913 3623 2985 data
3649 2927 3939 2985 centum
3976 2929 4048 2986 et
4081 2918 4287 3012 quin-
4392 3006 4399 3011 θ

1312 3063 1348 3099 α
1405 3033 1747 3130 quaginta
1791 3033 2048 3124 millia,
2089 3033 2285 3105 unde
2330 3033 2401 3104 in
2457 3057 2681 3105 novas
2722 3032 2909 3106 aedes
2958 3047 3462 3132 compararent
3506 3089 3524 3123 ,
3561 3056 3719 3131 quae
3788 3059 3971 3132 opus
4024 3052 4279 3108 essent.

1309 3184 1345 3222 κ
1404 3158 1588 3250 Agro
1625 3152 2019 3228 dividendo
2067 3153 2470 3252 'dandoque
2505 3153 2750 3242 iidem,
2793 3155 2914 3252 qui
2964 3154 3462 3247 traduxerant,⁸
3491 3153 3864 3226 Cornelius
3896 3170 3963 3228 et
4018 3155 4286 3230 Baebius

1309 3303 1344 3341 u
1401 3272 1781 3372 praepositi.
1828 3273 2359 3345 Postulantibus
2393 3288 2632 3345 tamen
2658 3274 2827 3372 ipsis
2860 3274 3312 3371 quinqueviri
3347 3273 3438 3345 ab
3470 3289 3719 3345 senatu
3763 3275 3932 3364 dati,
3975 3302 4285 3375 quorum

1308 3420 1344 3454 α
1399 3413 1488 3460 ex
1520 3389 1821 3461 consilio
1855 3406 2169 3487 agerent.
2217 3420 2253 3458 n

1400 3513 1564 3579 Haec
1595 3510 1932 3605 Ligurum
1969 3511 2044 3581 in
2080 3509 2519 3582 Samnitibus
2554 3512 2784 3606 origo,
2833 3510 3094 3608 quibus
3135 3510 3225 3584 de
3262 3510 3772 3587 deductoribus
3809 3542 4075 3590 nomen
4105 3525 4278 3593 Coa·

1303 3650 1614 3696 munis
1661 3640 1732 3696 et
1763 3631 2096 3700 BAEmsms
2129 3628 2483 3720 inditum3
2526 3629 2842 3729 populus
2887 3630 3084 3702 haud
3117 3632 3436 3729 exiguu8‚
3476 3637 3865 3732 praesertim
3904 3663 4129 3734 quum
4173 3642 4284 3712 in-

1302 3759 1747 3816 crementum
1781 3745 1867 3817 iis
1899 3745 2308 3819 addiderint
2341 3747 2566 3833 alteri,
2615 3779 2648 3814 «
2680 3748 2772 3820 ad
2809 3761 3077 3847 septem
3109 3751 3328 3824 millia
3360 3751 3767 3846 hominum,
3793 3757 4051 3828 eodem
4089 3783 4281 3831 auno

1308 3895 1343 3929 «
1399 3889 1442 3936 a
1489 3865 1734 3936 Fulvio
1780 3865 2080 3939 consule
2136 3868 2210 3938 in
2263 3867 2709 3941 deditionem
2764 3871 3035 3969 accepti
3088 3871 3353 3969 quibus
3409 3873 3713 3946 navibus
3772 3893 4023 3974 praeter
4081 3904 4281 3951 oram

1309 4013 1341 4049 α
1399 3983 1659 4054 etrusci
1693 3984 1907 4056 maris
1937 3986 2309 4084 Neapolim
2347 3989 2772 4059 transmissis
2793 4004 3005 4084 atque
3043 3990 3210 4062 inde
3246 3992 3319 4061 in
3353 3993 3723 4065 Samnium
3759 3996 4098 4068 traductis
4116 4024 4283 4095 ager

1307 4130 1341 4165 α
1399 4101 1585 4171 inter
1612 4101 1995 4199 populares
2024 4102 2232 4177 datus
2265 4121 2372 4178 est
2406 4137 2440 4173 ›>
2484 4106 2716 4203 (Idem
2738 4159 2756 4192 ‚
2798 4107 3011 4194 thid„
3056 4134 3121 4180 c.
3154 4107 3344 4206 40³.

1397 4246 1448 4336 ἓ
1481 4248 1569 4314 ΙΙ.
1618 4248 1718 4315 Ex
1752 4243 1866 4316 his
1909 4261 2151 4320 autem
2189 4250 2396 4322 Plinii
2431 4249 2671 4321 verbis
2716 4276 2732 4320 :
2781 4281 2814 4316 «
2853 4252 3144 4345 Ligures
3195 4253 3318 4349 qui
3364 4258 3966 4351 cognominantur
4007 4264 4277 4334 Comm-

1299 4389 1486 4436 mAm
1521 4379 1590 4437 et
1623 4364 1747 4463 qui
1785 4369 2089 4440 Bffimuu
2104 4371 2214 4442 ⁸...
2248 4399 2284 4436 n
2326 4374 2520 4442 Duas
2555 4371 2765 4443 fuisse
2797 4373 3115 4445 civitates
3147 4373 3418 4472 colligit
3448 4380 3889 4451 Henzenius‘
3925 4408 3942 4451 ε
3985 4382 4277 4453 alteram

1299 4484 1563 4557 scilicet
1599 4490 2204 4563 Conmxfflonnu
2255 4491 2614 4563 coloniam
2640 4549 2657 4580 ,
2720 4493 3011 4566 alteram
3059 4500 3565 4570 BAEmANonuM.
3605 4501 3735 4570 Cui
3774 4502 4066 4596 quidem
4117 4504 4279 4602 opi-

1300 4604 1527 4695 nioni,
1561 4630 1644 4676 ex
1675 4609 2042 4681 nonnullis
2078 4610 2322 4701 titulis,
2348 4637 2533 4709 quos
2564 4613 2713 4711 ipse
2745 4614 2817 4684 in
2854 4613 3112 4687 eodem
3141 4615 3304 4690 libri
3334 4619 3443 4689 sui
3478 4619 3706 4717 capite
3737 4625 3921 4691 xlw
3950 4626 4271 4720 protulit,

1382 4837 1440 4893 1.
1480 4837 1549 4896 L.
1579 4838 1706 4908 XL,
1739 4840 1814 4897 37
1842 4851 1900 4898 et
1922 4841 2022 4902 38.

1380 4936 1439 4992 Ξ.
1473 4937 1824 5013 Henzenius,
1848 4938 1895 5020 S
1919 4961 2051 5000 xm.

1382 5039 1441 5099 3.
1477 5037 1653 5111 Ptin„
1683 5044 1791 5115 111,
1824 5044 1925 5118 16,
1956 5063 2017 5122 p.
2049 5045 2201 5118 153;
2235 5043 2352 5107 vol.
2390 5046 2471 5121 11,
2500 5045 2594 5107 ed.
2629 5051 2790 5110 Lem.

1381 5141 1439 5197 4.
1472 5136 1669 5220 Sxm.
