5096 6425
2087 709 2482 782 ...44-

798 875 1066 942 Locum
1113 873 1306 943 enim
1360 897 1446 944 ex
1484 874 1716 945 Ennio
1758 875 2029 946 Nonius
2074 872 2446 946 Marcellus
2482 872 2686 946 affert
2734 873 2805 943 in
2851 895 2999 966 quo
3047 896 3296 944 sensus
3341 872 3456 943 ille
3495 870 3775 969 signifi-

794 1007 1020 1082 catur,
1045 1016 1576 1090 —quanquam
1618 994 1812 1091 apud
1850 995 2160 1065 Ennium
2196 1018 2346 1065 non
2380 991 2639 1064 debelis·
2677 992 2803 1064 sed
2840 989 3065 1061 debila
3107 993 3450 1089 scriptum
3486 1005 3776 1084 erat,—

794 1125 864 1182 et
891 1110 1040 1182 haec
1058 1111 1353 1208 quidem
1378 1113 1869 1211 interpretatio
1888 1114 2287 1185 Forcellinii
2312 1113 2641 1213 opinioni
2662 1112 2962 1210 propius
2990 1110 3300 1203 accedit;
3321 1137 3453 1208 ego
3473 1137 3646 1184 vero
3667 1114 3777 1184 in-

796 1230 1106 1328 telligere
1141 1257 1290 1303 non
1325 1257 1620 1332 possum
1646 1260 1805 1332 quae
1828 1232 2170 1331 obligatio
2192 1235 2284 1306 de
2320 1260 2493 1331 agro
2519 1232 2916 1306 admodum
2948 1233 3220 1305 inculto
3248 1232 3401 1305 fleri
3435 1234 3772 1332 potuerit.

895 1356 946 1446 S
990 1358 1141 1424 xn.
1198 1359 1274 1425 ln
1325 1356 1654 1453 pactione
1705 1357 2039 1428 vicesima
2088 1356 2445 1443 secunda,
2501 1380 2671 1426 cum
2712 1358 2794 1425 C.
2855 1355 3241 1426 Volumnio
3286 1354 3778 1453 Epaphrodito

799 1473 1003 1559 facta,
1043 1473 1436 1571 leguntur«
1468 1476 1634 1547 loco
1663 1476 1904 1573 agrina
1933 1479 1978 1568 ¹,
2007 1505 2040 1543 »
2075 1475 2146 1545 id
2174 1491 2278 1547 est
2306 1473 2573 1572 agellus
2602 1473 3347 1564 secundumLamam.

897 1596 946 1687 S
980 1584 1160 1665 Xll'l.
1189 1600 1266 1667 ln
1292 1597 1627 1668 vicesima
1661 1610 1909 1668 octava
1939 1597 2298 1695 pactione,
2339 1619 2506 1666 cum
2526 1596 2662 1664 Cn.
2690 1593 3000 1664 Antonio
3029 1594 3268 1665 Prisco
3302 1595 3482 1668 sacta
3502 1601 3547 1687 ²,
3578 1620 3777 1666 com-

802 1715 1114 1812 perimus
1131 1740 1296 1785 eum
1315 1713 1733 1811 obligavisse
1751 1714 2055 1787 fundum
2073 1714 2626 1786 Vorminianum
2647 1711 2932 1783 Precele
2954 1743 2987 1777 «
3010 1737 3181 1783 cum
3200 1712 3361 1808 jure
3381 1714 3780 1811 Appennini

802 1833 1129 1904 Areliasci
1165 1848 1235 1905 et
1269 1832 1681 1906 Caudalasci
1721 1849 1791 1905 et
1821 1833 2585 1905 communionibus....
2630 1860 2667 1899 »
2707 1836 2814 1903 De
2848 1854 2936 1903 eo
2963 1831 3124 1927 jure
3157 1856 3246 1903 en
3283 1831 3485 1904 adest
3513 1834 3785 1904 Lamae⁸

799 1950 1203 2048 explanatio
1249 1980 1264 2021 ε
1323 1982 1379 2021 αἼ
1422 1958 1694 2041 Questo
1747 1953 1989 2024 diritto
2046 1953 2167 2049 poi
2218 1950 2257 2021 e
2312 1951 2533 2022 attivo
2582 1975 2710 2048 per
2751 1950 2801 2022 li
2845 1950 3154 2049 padroni
3202 1950 3388 2022 delle
3437 1952 3777 2043 mandre,

807 2100 843 2139 κ
872 2095 1080 2142 come
1111 2073 1393 2171 passivo
1430 2098 1556 2171 per
1586 2075 1635 2145 li
1673 2073 2122 2173 proprietarii
2156 2072 2230 2142 di
2264 2071 2492 2159 fondi,
2522 2072 2627 2142 su'
2652 2072 2845 2168 quali
2884 2071 3174 2143 devono
3217 2087 3467 2169 queste
3502 2097 3783 2170 passare

808 2220 842 2256 α
871 2189 980 2260 ne'
1027 2193 1246 2290 tempi
1293 2193 1582 2265 stabiliti
1632 2219 1762 2292 per
1807 2193 2076 2265 andare
2108 2217 2151 2264 a
2183 2191 2345 2289 que'
2393 2190 2708 2288 pascoli3
2756 2221 2790 2256 >2
2817 2216 2978 2289 quae
3009 2191 3304 2288 quidem
3344 2193 3592 2291 opinio
3630 2218 3782 2265 non

802 2326 993 2383 certa
1027 2313 1201 2384 mihi
1241 2314 1558 2406 videtur,
1624 2315 1820 2386 credi
1869 2330 2112 2386 autem
2170 2326 2399 2411 potest
2457 2310 2557 2381 ibi
2610 2310 2701 2382 de
2751 2308 3073 2408 lignandi
3094 2310 3271 2408 jure
3307 2312 3418 2406 agi
3450 2311 3495 2381 ⁸.
3550 2310 3785 2397 Quid-

803 2431 981 2529 quid
1034 2433 1106 2503 id
1143 2448 1282 2521 est,
1337 2434 1508 2505 huic
1549 2436 1694 2531 juri
1740 2434 2054 2531 aliquid,
2115 2448 2191 2504 ut
2236 2433 2371 2529 ipsi
2425 2429 2682 2523 sund0,
2738 2432 3049 2528 pretium
3107 2431 3378 2522 inerat,
3438 2433 3784 2528 quoniam

804 2554 937 2623 Cn.
975 2554 1285 2625 Antonio
1320 2555 1557 2626 Prisco
1603 2556 1780 2628 illud
1813 2555 2074 2627 licebat
2106 2555 2447 2650 obligare.

903 2675 954 2765 ἓ
986 2677 1168 2745 xlv.
1218 2676 1599 2771 Trigesima
1649 2676 1879 2772 prima
1931 2676 2169 2775 pactio
2213 2697 2381 2745 cum
2423 2672 2755 2743 Cornelia
2798 2674 3056 2742 Severa
3087 2693 3136 2742 ‘a
3183 2671 3521 2742 Cornelio
3566 2671 3787 2743 Galli-

804 2815 988 2864 cano
1033 2793 1215 2864 sacta
1262 2808 1365 2864 est
1392 2798 1441 2866 ⁸.
1508 2800 1751 2893 Itaque
1802 2797 2042 2891 magni
2110 2809 2215 2866 est
2284 2792 2914 2887 momenti‘quum
2961 2807 3036 2857 ns
3090 2795 3116 2861 1
3158 2793 3469 2865 158150
3528 2791 3788 2863 fundos

808 2913 1117 3010 professa
1150 2915 1263 3005 sit,
1302 2929 1374 2987 et
1400 2916 1449 2987 ii
1483 2916 1777 3013 quidem
1809 2942 1947 3014 pro
1983 2933 2059 2983 lis
2086 2919 2166 2989 91
2216 2917 2354 2984 ΗΟ
2386 2909 2682 3007 obligati
2724 2912 2891 3017 sint.

902 3034 952 3124 §
986 3037 1137 3102 XV.
1178 3031 1261 3103 In
1298 3033 1836 3131 quadragesima
1872 3035 2078 3106 tertia
2111 3035 2508 3132 pactione⁶,
2555 3060 2600 3105 a
2634 3030 2913 3103 colonis
2949 3026 3385 3099 Lucensibus
3417 3027 3633 3113 facta,
3676 3052 3789 3099 res

805 3151 1112 3248 mancipi
1172 3152 1265 3225 ab
1325 3152 1633 3250 obligata
1686 3155 2128 3253 professione
2191 3152 2524 3226 deductas
2595 3152 2805 3225 fuisse
2871 3147 3220 3220 videmus,
3295 3150 3452 3218 Jam
3502 3162 3739 3218 autem
3763 3202 3780 3235 ‚

804 3297 1030 3368 quum
1070 3272 1245 3343 mihi
1288 3278 1504 3347 Lama
1541 3275 1719 3346 nihil
1761 3275 1852 3346 de
1889 3301 1968 3347 ea
2004 3301 2092 3346 -re
2133 3276 2453 3347 omisisse
2496 3276 2571 3346 in
2617 3270 3203 3369 interpretatione
3244 3292 3370 3338 sua
3414 3265 3738 3339 videatur
3762 3325 3780 3360 ‚

700 3427 706 3432 ·
804 3393 972 3463 satis
1002 3392 1181 3472 mihi
1214 3394 1348 3465 erit
1372 3419 1533 3466 eam
1566 3395 1891 3492 proferre
1931 3421 1947 3464 ε

907 3543 940 3576 «
1148 3515 1352 3584 Sotto
1398 3514 1448 3585 il
1497 3538 1714 3585 nome
1748 3514 1823 3585 di
1857 3539 2215 3611 manc-em,
2261 3511 2705 3585 s'inte‘ndeva
2740 3509 2859 3580 chi
2893 3525 3320 3605 comperava
3345 3559 3364 3596 ‚
3404 3532 3450 3577 o
3481 3507 3790 3604 pigliava

810 3659 844 3697 c<
876 3629 966 3702 ad
999 3630 1226 3703 affitto
1255 3634 1518 3716 terreni
1549 3633 1667 3706 dal
1696 3635 2010 3732 popolo;
2053 3633 2171 3705 chi
2199 3635 2610 3730 acquistava
2643 3656 2686 3703 a
2710 3630 2958 3704 denari
2991 3626 3211 3699 ibeni
3245 3625 3358 3699 de’
3399 3627 3785 3724 proscritti,

810 3779 844 3817 «
877 3774 918 3821 e
948 3750 1063 3822 chi
1099 3752 1466 3824 alienavai
1493 3753 1772 3852 proprii
1815 3779 1831 3821 ε
1875 3757 2239 3850 mancipes
2271 3754 2630 3824 dicevansi
2661 3754 2682 3822 i
2716 3746 3089 3847 principali
3126 3744 3568 3845 pubblicani,
3607 3744 3792 3840 gl'is-

811 3898 846 3936 «
870 3872 1130 3968 pettori
1162 3872 1347 3944 delle
1382 3887 1613 3971 poste,
1645 3873 1841 3945 delle*
1866 3872 2115 3963 saline,
2150 3899 2191 3944 e
2220 3875 2314 3970 gli
2340 3870 2665 3944 essattori
2689 3868 2801 3940 de'
2826 3865 3154 3967 pedaggi.
3181 3867 3383 3934 Sotto
3405 3862 3643 3960 quello
3666 3863 3788 3962 poi

811 4020 843 4058 α
876 3990 948 4061 di
985 3993 1422 4088 mancipium
1451 3994 2093 4091 comprendevansi
2127 3994 2246 4064 nel
2274 3993 2483 4067 suolo
2519 3991 2757 4063 italico
2795 3987 3011 4060 ibeni
3042 3983 3395 4056 immobili
3419 3985 3479 4056 sl
3511 3987 3783 4074 rustici,

811 4140 845 4176 «
871 4135 1078 4181 come
1115 4113 1352 4209 campi
1401 4136 1582 4198 ecc„
1631 4113 1768 4185 che
1803 4113 2027 4201 civili,
2079 4138 2286 4185 come
2306 4101 2390 4185 'le
2422 4136 2606 4184 case.
2655 4109 3014 4207 Mancipio
3057 4105 3491 4179 chiamavasi
3526 4085 3704 4205 puffe
3740 4104 3787 4176 il

813 4261 844 4294 «
872 4230 1135 4302 diretto
1184 4232 1361 4305 sulle
1406 4233 1641 4304 strade
1687 4258 1836 4304 non
1880 4233 2173 4331 postali,
2226 4233 2330 4305 su‘
2367 4232 2651 4305 viottoli
2687 4230 2761 4302 di
2803 4228 3427 4320 comunicazione‚
3476 4252 3516 4297 e
3558 4242 3790 4297 mota-

815 4378 850 4412 «
868 4352 1098 4447 giam,
1149 4375 1188 4423 e
1222 4349 1400 4447 sugli
1433 4349 1827 4447 acquidotti
1868 4380 1882 4421 ε
1925 4353 1997 4424 in
2037 4352 2181 4425 fine
2217 4355 2239 4424 i
2278 4354 2463 4426 servi
2498 4378 2538 4427 e
2571 4352 2637 4423 le
2674 4350 2900 4423 bestie
2933 4349 3025 4419 da
3060 4349 3295 4420 carico
3340 4371 3379 4417 e
3408 4347 3502 4417 da
3544 4346 3782 4441 giog0‚

892 4587 945 4642 1.
980 4584 1104 4645 Col.
1138 4587 1238 4658 lv,
1272 4586 1311 4644 1.
1346 4588 1445 4645 43.

886 4690 945 4743 2.
982 4687 1106 4747 Col.
1135 4691 1207 4762 V,
1232 4686 1274 4747 1.
1312 4691 1410 4746 21.
1750 4756 1754 4760 Α

892 4792 946 4848 3.
982 4793 1178 4847 Lama.
1212 4792 1323 4869 Op.
1359 4810 1534 4870 supra
1562 4790 1785 4871 script„
1817 4811 1877 4870 p.
1911 4793 2008 4849 34.

887 4897 945 4949 «t.
979 4892 1378 4965 Walckenaer,
1414 4895 1627 4973 Geogr.
1663 4892 1765 4952 des
1789 4893 1943 4951 deux
1969 4892 2182 4952 Gaules
2207 4940 2223 4971 ‚
2250 4904 2292 4953 t.
2326 4896 2404 4964 11,
2434 4913 2497 4972 p.
2530 4895 2646 4951 ⁴64
2672 4904 2731 4950 et
2755 4890 2908 4949 suiv.

892 5000 950 5055 5.
985 4995 1108 5052 Col.
1143 4998 1213 5068 V,
1246 4994 1289 5055 l.
1321 4999 1419 5055 55.

894 5102 951 5155 6.
984 5097 1108 5156 Col.
1142 5100 1242 5168 VI,
1274 5097 1313 5156 Ι.
1346 5101 1443 5158 76.
