5096 6425
2656 700 3046 769 ...40-

1358 889 1518 936 mus
1555 863 1888 962 explicuit
1914 878 1983 934 et
2008 863 2099 935 de
2132 864 2286 961 ipsa
2319 862 2758 934 institutione
2787 861 3011 933 multa
3043 861 3351 956 addidit;
3395 887 3552 959 quae
3585 886 4001 960 quanquam
4022 861 4332 933 breviter

1358 984 1633 1073 omnia,
1673 999 1915 1055 tamen
1948 982 2119 1054 huic
2146 1007 2466 1081 operosae
2489 983 2858 1080 quaestioni
2896 1005 3237 1076 magnum
3270 981 3438 1053 inde
3469 981 3711 1054 lumen
3746 980 4035 1078 affulget
4056 985 4100 1052 ¹.

1453 1107 1504 1197 5
1539 1108 1657 1175 IV.
1704 1109 1911 1176 Anno
1948 1105 2165 1195 1840,
2210 1104 2596 1175 Guariuius
2634 1128 2901 1174 novum
2941 1100 3414 1197 fragmentum
3447 1102 3935 1201 Inscriptionis
3971 1101 4331 1174 Baebiano-

1354 1249 1518 1297 rum
1554 1224 1852 1322 protulit
1884 1250 2050 1297 cum
2086 1223 2621 1296 commentariis
2641 1226 2686 1293 ⁸.

1370 1368 1373 1375 ·
1454 1347 1505 1437 5
1540 1348 1627 1416 V.
1685 1349 1838 1416 Jam
1862 1401 1880 1436 ‚
1932 1371 2125 1416 anno
2164 1346 2380 1434 1845,
2429 1344 3044 1442 Campolattarum
3079 1369 3154 1415 se
3185 1344 3489 1416 contulit
3521 1344 3630 1415 vir
3661 1343 3893 1415 clarus
3937 1345 4288 1414 Brunnius
4310 1401 4326 1432 ,

1357 1489 1543 1538 unus
1593 1490 1632 1536 e
1675 1466 1884 1536 sociis
1935 1466 2241 1537 Instituti
2293 1464 2835 1561 Archaeologici,
2889 1481 2966 1536 ut
3008 1462 3088 1535 D¹
3122 1464 3439 1561 Agostini
3482 1478 4035 1536 monumentum
4085 1464 4330 1562 explo-

1353 1600 1574 1676 raret;
1600 1610 1747 1683 quo
1776 1585 2095 1675 absente,
2124 1610 2349 1682 quum
2381 1609 2564 1655 uxor
2596 1584 2747 1679 ejus
2771 1584 2848 1656 d.
2881 1585 3279 1656 Brunnium
3309 1584 3614 1681 benigne
3646 1599 3716 1656 et
3750 1584 3982 1657 italica
4015 1584 4328 1682 quadam

1354 1708 1690 1779 comitate
1738 1706 2156 1803 excepisset,
2222 1720 2494 1779 tantam
2543 1691 2662 1775 ill'e
2712 1720 2941 1776 artem
2995 1703 3362 1796 adhibuit,
3431 1719 3510 1776 ut
3564 1704 3763 1777 brevi
3829 1720 4334 1803 expurgaretur

1357 1827 1729 1924 Inscriptio
1752 1882 1773 1916 ,
1812 1826 2105 1923 ejusque
2137 1825 2418 1918 litterae,
2459 1824 2786 1920 rubigine
2819 1850 3074 1915 exesae,
3112 1825 3205 1896 ad
3236 1825 3470 1897 lucem
3507 1839 4038 1917 revocarentur,
4078 1841 4325 1923 atque,

1356 1945 1633 2037 tridu0‚
1673 1946 1896 2018 nitida
1935 1946 2134 2017 fieret
2157 1946 2425 2017 Tabula
2470 1946 2682 2017 simul
2718 1961 2790 2017 et
2820 1945 3008 2018 lectu
3042 1945 3288 2018 facilis.
3332 1950 3579 2033 Quum
3621 1972 3709 2018 ex
3747 1926 3865 2017 illa
3896 1947 4330 2045 descriptum

1356 2064 1854 2163 apographum
1902 2065 1977 2136 d.
2024 2066 2375 2136 Brunnius
2417 2069 2721 2136 Romam
2766 2065 3147 2158 retulisset,
3184 2069 3274 2137 D.
3319 2066 3696 2161 Agostinus
3743 2064 4045 2137 domum
4095 2090 4330 2138 rever-

1355 2185 1549 2255 titur.
1587 2227 1682 2240 -
1720 2190 1920 2257 Unus
1953 2201 2194 2257 autem
2229 2211 2315 2256 ex
2347 2186 2594 2256 amicis
2624 2185 2776 2281 ejus
2810 2188 2889 2255 R.
2923 2186 3004 2254 P.
3035 2187 3492 2276 Garrucciu5‚
3533 2210 3624 2257 ne
3656 2185 3727 2258 id
3770 2188 4071 2258 Romani
4103 2186 4332 2259 laudis

1354 2305 1815 2404 praeriperent
1876 2319 1954 2375 ut
2012 2305 2555 2401 inscriptionem
2611 2327 2653 2374 a
2700 2304 3018 2375 Brunnio
3082 2305 3486 2376 restitutam
3537 2306 3812 2402 priores
3872 2304 4277 2403 proferrent
4306 2360 4325 2393 ,

1353 2423 1685 2494 eamdem
1719 2422 2119 2495 describere
2164 2423 2554 2515 festinavit,
2600 2424 2989 2520 paucisque
3031 2423 3319 2516 diebuS,
3360 2426 3539 2496 mira
3573 2425 3887 2523 quadarn
3929 2425 4324 2514 celeritate,

1355 2558 1912 2613 monumentum
1956 2543 2193 2640 ipsum
2218 2599 2237 2636 ,
2278 2542 2598 2613 tabulam
2644 2541 3058 2640 graphicam
3083 2601 3100 2632 ,
3140 2557 3210 2614 et
3249 2544 3644 2642 fac-simile
3688 2543 3871 2615 tituli
3905 2542 4325 2635 delineavit,

1356 2664 1913 2733 commentarios
1947 2663 2161 2734 etiam
2184 2688 2228 2733 a
2251 2687 2325 2733 se
2359 2663 2663 2760 scriptos
2692 2661 2978 2734 excudit
3012 2677 3081 2733 et
3113 2661 3424 2759 vulgavit
3444 2666 3490 2735 ⁸.
3530 2667 3696 2734 Mox
3729 2677 3970 2735 autem
4003 2662 4335 2759 poenituit

1353 2803 1524 2852 eum
1569 2782 1805 2855 nimiae
1843 2782 2344 2870 festinationis3
2398 2783 2677 2853 mendis
2723 2781 2914 2853 enim
2963 2782 3277 2855 scatebat
3308 2784 3684 2881 Inscriptio
3723 2806 3939 2879 quam
3975 2806 4334 2881 expresse-

1354 2914 1500 2990 rat,
1532 2901 1936 2999 additaeque
1970 2903 2526 3000 explanationes,
2554 2926 2733 2999 quas
2764 2915 2835 2972 et
2868 2926 3002 2998 ego
3035 2902 3184 3000 ipse
3219 2906 3460 2974 Romae
3483 2901 3661 2989 vidi,
3701 2900 4072 2971 hominem
4106 2900 4334 2995 impe-

1351 3021 1571 3097 ritum
1621 3037 1692 3094 et
1734 3024 2107 3095 indoctum
2152 3022 2588 3120 arguebant3
2644 3024 2849 3119 cujus
2897 3022 3374 3094 inconsultam
3408 3022 3847 3118 diligentiam
3891 3021 4205 3119 primum
4258 3018 4333 3091 in

1352 3143 1594 3216 medio
1630 3146 1949 3244 ipsorum
1986 3160 2208 3239 coetu,
2248 3170 2464 3243 quem
2501 3144 2749 3217 mense
2787 3144 2977 3216 maio
3015 3143 3459 3237 habuerunt,
3513 3144 3822 3216 derisere
3859 3140 4138 3212 romani
4170 3162 4334 3210 aca-

1354 3263 1614 3337 demici
1638 3270 1694 3358 ⁸3
1756 3291 1926 3338 mox
1963 3266 2254 3358 libellis,
2293 3266 2554 3338 eodem
2592 3289 2876 3351 mense,
2915 3264 3218 3360 vulgatis
3249 3265 3618 3335 Garruccii
3645 3262 3996 3360 opusculo
4033 3260 4333 3357 rescrip-

1354 3399 1510 3458 tum
1545 3403 1651 3459 est
1673 3431 1703 3479 ,-
1729 3389 1931 3485 cujus
1962 3387 2159 3459 nulla
2191 3413 2354 3487 pars
2389 3388 2657 3458 intacta
2689 3385 3079 3484 permansit
3100 3390 3146 3455 ⁸.

1452 3510 1503 3600 5
1538 3512 1657 3578 Vl.
1715 3513 1804 3578 Ut
1854 3522 2171 3580 revertar
2217 3505 2312 3578 ad
2338 3505 2763 3578 Veleiatium
2795 3504 3175 3597 Tabulam,
3224 3528 3418 3575 anno
3459 3509 3673 3595 1837,
3729 3504 3801 3574 in
3852 3503 4160 3575 Historia
4206 3525 4331 3574 sua

1352 3625 1667 3722 Trajani,
1700 3625 1792 3699 de
1827 3626 2293 3698 Alimentariis
2325 3623 2676 3696 nonnulla
2709 3622 3097 3695 Frankeius
3117 3623 3266 3719 jam
3294 3624 3460 3693 satis
3494 3622 3778 3718 vulgata
3812 3621 4091 3720 repetiit
4118 3622 4162 3691 ⁶.

1455 3747 1506 3837 5
1549 3748 1699 3815 Vll.
1757 3746 2222 3817 Doctissimus
2274 3745 2609 3841 magister
2653 3768 2854 3815 meus
2888 3743 3503 3832 WalckenaeriuS,
3554 3768 3747 3816 anno
3797 3745 4019 3833 1839,
4064 3741 4334 3838 aliquid

1358 3863 1449 3936 de
1476 3865 1927 3964 Geographia
1945 3867 2362 3938 Veleiatium
2395 3866 2598 3964 operi
2630 3889 2762 3936 suo
2798 3865 2889 3937 de
2921 3864 3374 3962 Geographia
3402 3865 3658 3935 veteris
3691 3863 3932 3934 Galliae
3968 3862 4263 3934 inseruit
4283 3863 4327 3930 ⁸¹.

1440 4177 1491 4232 1.
1524 4172 1754 4232 Bullett.
1790 4171 2132 4246 settembre,
2167 4177 2356 4247 18:353
2380 4175 2491 4247 id„
2523 4173 2703 4243 1839,
2731 4190 2789 4248 p.
2827 4174 2981 4243 1553
3014 4172 3124 4240 id„
3159 4172 3337 4242 1844,
3370 4190 3430 4248 p.
3468 4160 3602 4239 12'6,
3632 4168 3691 4226 in
3712 4188 3829 4244 quo
3855 4164 4035 4222 multa
4064 4160 4337 4240 praeclara

1357 4273 1441 4336 de
1456 4276 1736 4356 praefectis
1763 4276 2156 4336 alimentariiS.
2496 4277 2523 4284 '⁷
3293 4281 3306 4287 ‘

1436 4385 1497 4442 2.
1536 4382 1964 4442 Commentario
1990 4386 2182 4455 x1x0,
2218 4381 2310 4439 vel
2333 4385 2466 4453 IX0,
2497 4379 2765 4438 secundae
2790 4377 3081 4450 editionis,
3113 4399 3171 4457 p.
3202 4381 3377 4438 6-16.
3429 4401 3432 4404 “

1439 4490 1496 4545 3.
1531 4485 1821 4543 Antichita
1849 4484 1943 4543 dei
1969 4484 2171 4564 Liguri
2197 4483 2436 4544 Bebiani
2467 4482 2716 4542 raccolte
2744 4502 2777 4541 e
2804 4481 3071 4540 descritte
3105 4480 3200 4539 dal
3234 4480 3490 4540 Rasaelle
3523 4478 3797 4539 Garrucci
3825 4477 3978 4535 della
3999 4473 4337 4555 compagnia

1357 4589 1419 4649 di
1445 4591 1621 4650 Gesu.
1651 4592 1887 4666 Napoli,
1918 4592 2099 4651 1845.
2462 4645 2467 4652 .

1439 4695 1498 4750 4.
1536 4690 1766 4750 Bullett.
1799 4691 1977 4770 Majo,
2011 4694 2190 4764 1845,
2219 4689 2538 4749 adunanze.

1442 4799 1501 4854 5.
1533 4796 1627 4853 Id.
1659 4793 1842 4864 Ibid„
1872 4793 2166 4872 suscriptae
2192 4803 2326 4851 sunt
2354 4791 2560 4850 litterae
2595 4813 2608 4848 ε
2645 4797 2715 4850 u.
2751 4797 2813 4850 Τ.
2851 4797 2911 4849 R.

1439 4898 1500 4960 6.
1532 4898 1651 4953 Zur
1675 4895 2006 4975 geschichte
2027 4893 2285 4953 Traians.
2321 4897 2597 4967 (ἔπεα-σω,
2631 4894 2808 4950 1837.

1441 4999 1500 5056 7.
1539 4997 1907 5077 Geographie
1952 4997 2232 5057 ancienne
2257 5041 2273 5071 ,
2302 4994 2626 5071 historique
2663 5006 2722 5052 et
2748 4992 3057 5071 comparee
3096 4990 3198 5049 des
3235 4989 3450 5049 Gaules
3480 4988 3678 5067 cisalp.
3721 5001 3777 5048 et
3806 4987 4112 5068 transalp.,
4148 5008 4253 5065 par
4281 4987 4337 5045 le

1362 5097 1545 5160 baron
1572 5100 1968 5158 Walckenaer.
2001 5103 2195 5173 Paris,
2233 5100 2414 5169 1839,
2446 5108 2488 5154 t.
2516 5100 2597 5169 11,
2630 5108 2780 5175 part.
2813 5098 2919 5169 111,
2952 5095 3047 5156 ch.
3074 5115 3185 5168 vu,
3210 5114 3269 5171 p.
3305 5096 3419 5151 457
3449 5104 3506 5153 et
3531 5092 3680 5151 suiv.
