5096 6425
2602 759 2995 836 ...36-

1304 955 1486 1027 quos
1520 929 1917 1001 secundum
1965 943 2150 1000 terra
2183 928 2411 1001 divisa
2441 926 2628 1022 erat)
2668 930 2806 1001 iter
2831 927 3096 1024 populo
3139 927 3322 998 sicut
3357 950 3485 1024 per
3515 929 3710 996 uiam
3745 923 4109 1025 publicam
4147 922 4278 993 de-

1302 1046 1514 1120 betur
1543 1075 1560 1119 t
1598 1049 1670 1119 id
1703 1050 1900 1120 enim
1935 1063 2226 1120 cautum
2262 1061 2367 1119 est
2401 1047 2555 1141 lege
2592 1048 3019 1145 Sempronia
3052 1060 3124 1117 et
3150 1045 3482 1117 Cornelia
3512 1059 3584 1117 et
3615 1044 3814 1115 Iulia.
3846 1042 4159 1130 Quidam
4193 1065 4278 1112 ex

1304 1167 1414 1239 his
1444 1168 1732 1240 latiores
1765 1184 1933 1240 sunt
1965 1192 2181 1265 quam
2215 1167 2383 1267 ped.
2408 1171 2563 1256 XII,
2591 1166 2708 1238 uel
2740 1181 2820 1237 ut
2850 1165 2951 1236 hii
2969 1164 3153 1263 (sic),
3177 1164 3302 1263 qui
3338 1180 3505 1236 sunt
3537 1188 3666 1264 per
3697 1167 3894 1236 uiam
3916 1162 4277 1261 publicam

1307 1286 1688 1358 militarem
1720 1287 1858 1358 acti
1893 1315 1910 1356 ε
1948 1284 2219 1357 habent
2262 1286 2457 1357 enim
2493 1283 2947 1356 latitudinem
2987 1287 3121 1356 uiae
3145 1285 3468 1383 publicae.
3513 1314 3547 1350 >³
3588 1290 3693 1356 Ex
3726 1309 3872 1382 quo
3908 1298 4104 1382 patet
4138 1282 4284 1354 dis-

1306 1404 1578 1476 crimen
1611 1406 1906 1501 aliquod
1942 1406 2153 1477 suisse
2186 1406 2370 1476 inter
2406 1406 2593 1476 viam
2624 1418 2697 1475 et
2731 1407 3015 1477 itinera.
3047 1405 3237 1492 Quin
3272 1403 3473 1476 addit
3502 1405 3652 1503 ipse
3685 1404 4090 1476 Henzenius
4124 1427 4280 1472 ver-

1306 1530 1482 1602 bum
1520 1528 1961 1626 Por.‘saepius
2011 1540 2431 1624 usurpatum
2474 1525 2687 1597 fuisse
2719 1540 3056 1623 quamut
3091 1525 3183 1596 ad
3228 1527 3410 1596 viam
3453 1525 3816 1624 publicam
3848 1526 4276 1623 pertineret,

1307 1675 1538 1748 eoque
1598 1647 1950 1745 designari
2015 1647 2170 1719 vult
2227 1649 2488 1717 itinera
2552 1643 3009 1744 municipalia
3060 1668 3372 1743 quorum
3440 1645 3591 1743 ipse
3646 1642 4139 1714 conditionem
4198 1666 4280 1713 ex

1307 1771 1548 1842 Siculo
1582 1769 1836 1840 Flacco
1866 1771 1885 1805 ¹
1930 1765 2295 1839 describit.

1408 1887 1557 1958 Alia
1585 1910 1758 1957 vero
1796 1911 1881 1956 ex
1916 1897 2139 1983 parte,
2168 1883 2469 1956 verbum
2504 1900 2651 1954 ΡΟΡ.
2689 1884 3028 1958 adscribit
3058 1888 3240 1957 Cara
3261 1882 3510 1982 fundis
3537 1881 3823 1953 domino
3852 1879 4277 1967 vacantibus,

1311 2009 1435 2104 qui
1467 2006 1739 2106 populo
1774 2010 2099 2077 Romano
2127 2006 2242 2078 vel
2265 2006 2527 2078 civitati
2555 2007 3068 2099 tribuerentur,
3103 2005 3305 2102 cujus
3339 2004 3440 2076 rei
3467 2004 3610 2075 hoc
3634 2018 3950 2078 sumtum
3977 2030 4018 2076 a
4046 2000 4285 2072 Siculo

1311 2129 1564 2200 Flacco
1586 2134 1608 2167 ²
1640 2128 1909 2226 profert
1951 2142 2454 2224 argumentum
2499 2156 2515 2199 ε
2563 2159 2597 2194 «
2628 2132 3022 2226 Postquam
3055 2156 3227 2227 ergo
3260 2134 3568 2205 maiores
3604 2133 3928 2229 regiones
3960 2156 4047 2202 ex
4076 2130 4285 2203 hoste

1307 2263 1531 2346 captae
1559 2272 1814 2319 uacare
1842 2261 2238 2346 coeperunt,
2275 2246 2451 2319 alios
2484 2271 2693 2342 agros
2725 2246 3124 2322 diuiserunt
3156 2251 3711 2349 adsignauerunt
3748 2280 3764 2323 ε
3804 2255 3902 2324 ita
3928 2276 4288 2324 remanse—

1309 2385 1478 2440 runt
1531 2368 1645 2440 alii
1690 2382 1770 2439 ut
1822 2382 2062 2439 tamen
2106 2367 2358 2466 populi
2408 2369 2711 2439 Romani
2754 2382 3022 2458 essent,
3075 2386 3151 2442 ut
3186 2384 3293 2443 est
3349 2373 3423 2442 in
3472 2374 3731 2445 Piceno
3765 2386 3835 2444 et
3878 2373 3948 2443 in
3995 2372 4286 2466 regione

1314 2490 1631 2579 Reatina,
1674 2489 1745 2559 in
1773 2485 2035 2583 quibus
2062 2486 2472 2583 regionibus
2500 2501 2783 2559 montes
2812 2491 3112 2561 Romani
3138 2491 3612 2591 appellantur,
3639 2517 3808 2565 nam
3839 2507 4005 2564 sunt
4036 2491 4289 2592 populi

1314 2610 1643 2699 Romani,
1676 2632 1988 2705 quorum
2022 2607 2322 2704 uectigal
2349 2608 2441 2679 ad
2476 2608 2804 2680 aerarium
2839 2611 3171 2706 pertinet.
3211 2641 3246 2677 κ

1413 2727 1629 2815 Quod
1688 2728 1789 2820 si,
1843 2725 2158 2822 legendis
2215 2726 2821 2823 agrimensoribus
2868 2728 3243 2826 diligenter
3292 2733 3676 2804 attenderis
3705 2786 3723 2821 ,
3780 2731 3958 2803 nihil
4002 2731 4288 2804 obstare

1316 2848 1598 2921 videtur
1654 2848 1828 2944 quin
1878 2846 2236 2918 vocabulo
2299 2876 2334 2914 «
2379 2846 2695 2945 populus
2747 2877 2782 2912 n
2834 2847 3188 2947 quidquid
3240 2852 3487 2951 populi
3539 2852 3842 2924 civitatis
3881 2852 4059 2948 juris
4108 2867 4290 2924 esset

1312 2969 1818 3067 interpreteris
1864 2971 2019 3038 Hoc
2057 2967 2319 3038 etenim
2350 2991 2653 3053 nomen,
2686 2993 2847 3039 mea
2889 2972 3271 3063 sententia,
3314 2972 3448 3044 sibi
3488 2972 3855 3045 vindicant
3885 2987 3956 3043 et
3990 2975 4283 3062 itinera,

1314 3106 1384 3162 et
1414 3091 1534 3159 vioe
1557 3088 1883 3187 publicae,
1922 3102 1995 3160 et
2026 3090 2193 3186 agri
2203 3087 2500 3185 publici,
2542 3103 2758 3186 atque
2791 3114 3008 3161 omne
3037 3092 3386 3189 praedium
3422 3093 3931 3191 quodcumque
3963 3096 4289 3166 omnium

1314 3227 1419 3285 est
1454 3211 1878 3301 indivisum,
1921 3225 1991 3283 et
2033 3208 2234 3308 quod
2271 3209 2365 3281 ad
2406 3210 2723 3309 privatos
2772 3237 2920 3283 non
2967 3214 3302 3309 pertinet.
3353 3216 3628 3286 Etenim
3667 3239 3797 3286 cur
3843 3245 3877 3279 (ι
3908 3215 4218 3312 populus
4250 3245 4285 3282 υ

1317 3331 1753 3404 vocabulum
1797 3330 1998 3429 quod
2037 3330 2215 3401 nihil
2261 3331 2434 3401 certi
2484 3332 2559 3401 in
2607 3330 2824 3403 titulis
2870 3332 3264 3428 significat,
3311 3359 3462 3405 non
3504 3349 3573 3405 et
3628 3334 3719 3406 ad
3777 3334 4026 3406 itinera
4079 3337 4292 3432 perti·

1316 3454 1552 3525 nuerit
1606 3478 1754 3524 non
1799 3452 2010 3524 video
2036 3506 2055 3543 ,
2095 3466 2216 3522 aut
2260 3451 2355 3522 ad
2407 3451 2776 3549 municipii
2823 3452 3089 3549 praedia
3134 3451 3453 3551 publica,
3495 3478 3663 3525 cum
3704 3465 4005 3548 utraque
4041 3451 4293 3550 populi

1317 3571 1581 3669 pariter
1611 3585 1871 3642 essent.
1911 3570 2127 3658 Quod
2162 3571 2220 3641 si
2253 3569 2467 3665 hujus
2499 3570 2836 3643 vocabuli
2869 3571 3291 3669 significatio
3331 3571 3593 3670 duplex
3632 3597 3780 3644 non
3818 3573 4085 3662 suisset,
4121 3572 4297 3642 veri·

1318 3691 1548 3763 simile
1587 3705 1695 3762 est
1737 3690 2106 3788 propriam
2157 3715 2361 3762 suam
2412 3690 2967 3789 appellationem
3015 3692 3118 3763 rei
3168 3718 3316 3764 non
3372 3693 3779 3766 defuturam
3836 3693 4072 3765 fuisse.
4115 3695 4295 3764 Cara

1320 3827 1559 3883 autem
1596 3810 1916 3909 publicos
1955 3810 2219 3909 fundos
2262 3812 2806 3905 tantummodo,
2844 3815 3106 3883 itinera
3137 3815 3542 3885 Henzenius
3580 3814 3885 3912 (quibus
3923 3813 4186 3885 addam
4226 3827 4296 3883 et

1320 3957 1453 4028 ego
1536 3935 1718 4002 viam
1779 3930 2223 4030 publicam),
2288 3932 2646 4006 vocabulo
2721 3935 2858 4005 isto
2910 3934 3292 4030 significari
3335 3949 3578 4007 censet
3614 3965 3633 4023 3
3708 3960 3839 4031 ego
3905 3959 4078 4007 vero
4129 3960 4298 4006 cen·

1324 4077 1448 4124 seo
1493 4077 1692 4124 suam
1730 4053 2015 4150 utrique
2050 4052 2556 4149 significationi
2598 4055 3097 4126 auctoritatem
3141 4079 3319 4148 esse,
3365 4043 3624 4126 eodem
3657 4054 3882 4126 verbo
3920 4068 4297 4150 utramque

1323 4174 1677 4246 contineri
1703 4174 2045 4272 potuisse.
2078 4174 2364 4245 Etenim
2393 4174 2465 4244 in
2509 4173 2716 4244 titulo
2750 4199 2968 4271 quem
3008 4174 3295 4247 exhibet
3319 4175 3601 4265 Zellius,
3652 4175 3743 4246 de
3775 4174 4093 4271 quodam
4134 4174 4298 4245 loco

1317 4294 1548 4388 agitur
1598 4291 1701 4362 ad
1746 4294 2010 4363 Martis
2058 4293 2405 4391 templum
2453 4293 2589 4363 sito
2618 4293 2961 4391 juxtaque
3004 4295 3194 4367 viam
3237 4295 3582 4393 Appiam3
3630 4317 3857 4392 quum
3899 4318 4072 4366 vero
4118 4306 4298 4363 tem·

1316 4414 1517 4512 plum
1584 4440 1816 4512 nuper
1875 4413 2444 4487 demonstratum
2508 4415 2597 4487 sit
2661 4414 3059 4488 admodum
3115 4441 3345 4517 prope
3405 4416 3704 4515 Appiam
3758 4430 4036 4514 portam
4088 4415 4300 4484 situm

1402 4656 1457 4708 1.
1491 4651 1550 4710 Si
1576 4652 1858 4710 vocabulo
1883 4654 2121 4732 proprio
2154 4655 2238 4713 uti
2260 4655 2556 4730 volumus,
2585 4655 2708 4715 haec
2732 4656 2941 4716 itinera
2967 4664 3233 4717 vicinales
3262 4666 3360 4716 νέω
3386 4672 3548 4735 sunt;
3578 4659 3638 4716 in
3666 4659 3860 4718 Siculo
3881 4659 4083 4717 Flacco
4110 4660 4190 4717 sic
4219 4659 4303 4718 le-

1320 4752 1473 4831 gitur
1496 4771 1510 4812 :
1543 4779 1568 4804 ιι
1603 4797 1639 4812 ..
1657 4798 1669 4812 .
1686 4797 1700 4812 .
1729 4754 2096 4829 Muniuntur,
2125 4775 2229 4834 per
2256 4777 2436 4837 pagos
2454 4757 2756 4833 (uicinales
2784 4760 2948 4835 uiae),
2979 4759 3039 4818 id
3059 4773 3146 4819 est
3168 4779 3273 4839 per
3299 4760 3600 4838 magistros
3628 4779 3908 4839 pagorum
3929 4804 3945 4832 ,
3973 4760 4072 4837 qui
4100 4780 4305 4838 operas

1320 4853 1353 4914 a
1385 4855 1807 4934 possessoribus
1835 4857 1907 4916 ad
1937 4879 2033 4918 eas
2061 4860 2304 4928 tuendas
2332 4862 2568 4942 exigere
2597 4864 2752 4922 soliti
2781 4878 2938 4939 sunt,
2968 4877 3090 4938 aut,
3120 4876 3185 4923 ut
3209 4864 3622 4941 comperimus,
3654 4863 3966 4940 unicuique
3996 4862 4305 4941 possessori

1321 4980 1428 5039 per
1456 4959 1712 5039 singulos
1744 4980 1915 5041 agros
1945 4975 2103 5021 certa
2135 4962 2317 5042 spatia
2344 4964 2731 5044 assignantur,
2771 4986 2901 5044 quae
2927 4966 3046 5025 suis
3077 4965 3351 5045 impensis
3383 4977 3671 5024 tueantur.
3697 4992 3723 5017 a
3755 4968 3842 5024 De
3869 4963 4306 5023 condicionibus

1323 5083 1547 5145 agror.,
1584 5085 1643 5144 p.
1671 5068 1812 5139 146,
1845 5065 1984 5125 edit.
2014 5066 2321 5126 Rudorffii.

1404 5169 1463 5224 Ξ.
1507 5168 1827 5241 ld.‚1'bid.,
1855 5190 1915 5249 p.
1946 5171 2081 5230 136.
